2342 3089
901 624 1230 681 PRAEFATm.

984 763 1155 783 *eof-“34³

134 837 422 906 Bibliothecam
447 871 577 913 regiam
603 868 853 911 Havnienseni,
891 874 1122 914 praeterquam
1154 869 1246 914 quod
1271 868 1437 903 librorum
1462 872 1557 915 typis
1582 872 1837 916 impressorum
1861 884 2005 908 numero

133 946 167 974 et
189 943 389 985 praestantia
414 942 503 975 inter
527 942 799 985 copiosissimas
824 946 858 974 et
887 941 1193 986 splendidissimas
1218 941 1373 986 Europae
1403 941 1635 976 bibliothecas
1666 946 1790 978 merito
1820 952 2004 987 censetur,

132 1014 232 1046 etiam
268 1013 428 1047 codicum
464 1015 777 1058 manuscriptorum
815 1024 903 1058 opes
938 1018 973 1047 et
1006 1013 1138 1058 amplas
1173 1019 1208 1047 et
1242 1015 1355 1058 magni
1391 1015 1494 1058 pretii
1529 1013 1677 1057 habere,
1712 1019 1858 1051 maxime
1882 1029 2004 1063 regum

132 1090 333 1119 nostrorum
358 1085 607 1128 munificentia,
637 1086 702 1120 sed
734 1087 835 1120 etiam
860 1087 1074 1131 privatorum
1098 1086 1273 1120 hominum
1297 1085 1506 1120 liberalitate
1532 1093 1769 1131 eomparataS,
1804 1089 2001 1125 hominibus

132 1158 246 1191 doctis
271 1159 359 1192 satis
390 1163 507 1192 notum
533 1163 588 1192 est
620 1169 704 1200 nec,
742 1169 841 1204 quani
872 1158 976 1192 multa
1000 1159 1079 1193 inde
1103 1158 1199 1193 multi
1226 1159 1268 1193 ad
1299 1158 1433 1193 litteras
1463 1159 1642 1204 augendas
1673 1165 1708 1194 et
1741 1162 1915 1196 ornandas
1934 1164 2003 1206 jam

131 1230 432 1276 deprompserint,
464 1232 634 1275 ignorant.
700 1229 849 1274 Quantae
873 1235 985 1265 tamen
1016 1243 1069 1266 eae
1098 1242 1186 1276 opes
1219 1233 1251 1265 in
1275 1242 1415 1277 quoque
1439 1231 1630 1266 litterarum
1662 1243 1794 1277 genere
1825 1240 1949 1268 esseut
1972 1242 2005 1268 et

131 1304 329 1347 cujusmodi
355 1309 390 1337 et
413 1315 512 1349 quam
537 1303 695 1337 utilitatis
721 1315 820 1349 spem
844 1304 1018 1338 studiosis
1043 1304 1240 1338 hominibus
1273 1309 1306 1338 et
1335 1306 1383 1337 uti
1408 1304 1609 1339 volentibus
1634 1305 1878 1348 ostenderent,
1914 1308 2003 1342 unde

130 1374 232 1419 plene
256 1380 291 1409 et
313 1375 511 1420 singulatim
536 1377 708 1420 cognosci
732 1378 832 1410 etiam
858 1388 877 1410 e
902 1377 1092 1422 longinquo
1117 1382 1151 1411 et
1175 1377 1216 1411 ab
1241 1378 1373 1410 exteris
1395 1382 1532 1421 posset,
1558 1376 1686 1412 nullum
1710 1378 1821 1413 adhuc
1845 1380 2005 1414 exstabat

129 1458 232 1492 opus.
287 1446 393 1491 Quod
417 1459 619 1494 quamquam
646 1450 678 1482 in
702 1448 781 1483 aliis
805 1460 874 1483 non
910 1449 1124 1495 ignobilibus
1156 1449 1379 1483 bibliothecis
1411 1449 1534 1483 eodem
1559 1450 1662 1484 modo
1694 1456 1752 1484 aut
1780 1454 1920 1486 omnino
1944 1459 2001 1487 aut

130 1531 174 1553 ex
197 1531 320 1565 magna
346 1526 443 1566 parte
467 1527 702 1566 comparatum
727 1527 794 1563 est,
817 1521 931 1567 aliqua
955 1522 1092 1567 quidem
1118 1533 1161 1556 ex
1185 1527 1282 1566 parte
1310 1523 1344 1555 in
1368 1522 1546 1564 omnibus,
1571 1527 1683 1557 tamen
1708 1522 1786 1557 Rex
1811 1524 2001 1569 Augustis—

129 1594 240 1627 simus
272 1591 633 1630 Christianus
663 1591 934 1637 Octavus,
975 1596 1032 1639 qui
1064 1605 1132 1639 quo
1162 1605 1280 1628 amore
1313 1595 1410 1639 ipsas
1435 1593 1587 1637 litteras,
1627 1596 1751 1630 eodem
1782 1596 2002 1642 splendidum

129 1664 198 1699 hoc
224 1662 416 1699 litterarum
441 1667 704 1700 instrumentum
729 1665 968 1711 amplectitur,
1010 1667 1190 1701 subveniri
1215 1666 1294 1701 huic
1319 1667 1538 1700 incommodo
1563 1666 1734 1713 facileque
1759 1671 1928 1704 noscendi
1951 1671 2001 1705 hi-

130 1736 317 1771 bliothecae
345 1739 377 1771 in
401 1737 469 1772 boc
500 1749 632 1782 genere
662 1741 784 1784 copias
809 1739 1006 1773 subsidium
1038 1741 1211 1773 communi
1240 1741 1390 1773 onmium
1420 1740 1501 1772 usui
1533 1742 1662 1785 exponi
1693 1740 1814 1775 voluit.
1880 1742 2000 1788 Itaque

129 1821 232 1856 quum
257 1809 408 1844 absoluti
438 1811 460 1844 ii
487 1809 627 1844 labores
653 1817 787 1853 essent,
816 1814 873 1857 qui
901 1814 937 1845 in
968 1811 1069 1845 libris
1099 1813 1284 1856 impressis
1314 1822 1416 1857 quum
1447 1812 1489 1845 ad
1521 1811 1711 1848 litterarum
1743 1815 1899 1849 ordinem
1931 1821 1999 1851 tum

129 1883 171 1917 ad
195 1881 457 1928 disciplinarum
481 1885 610 1918 seriem
636 1890 670 1918 et
693 1884 836 1919 sormam
861 1885 1091 1919 recensendis
1116 1895 1178 1930 per
1201 1894 1312 1918 annos
1336 1894 1405 1918 non
1429 1895 1563 1929 paucos
1587 1887 1695 1930 positi
1725 1894 1839 1930 erant,
1872 1888 1999 1933 placuit

128 1957 222 2000 regi,
261 1959 296 1989 ut
327 1955 487 1989 codicum
517 1959 831 2002 manuscriptorum
862 1957 1046 2002 catalogus
1084 1958 1230 1991 criticus
1261 1962 1295 1991 et
1327 1957 1369 1991 ad
1405 1957 1586 1991 doctorum
1616 1957 1790 1994 hominum
1820 1971 1921 1995 usum
1953 1964 2001 1996 in-

128 2032 285 2061 structus
317 2027 551 2062 conficeretur
581 2034 615 2063 et
645 2029 827 2071 ederetur,
868 2031 1017 2075 ejusque
1050 2031 1100 2063 rei
1139 2027 1361 2073 perficiendae
1396 2040 1480 2063 cura
1514 2029 1641 2064 litteris
1675 2034 1786 2077 regiis
1822 2033 1895 2078 (die
1924 2034 1999 2068 XX

129 2101 260 2133 mensis
285 2099 499 2135 Novembris
523 2112 551 2135 a.
579 2100 852 2143 MDCCCXLI)
878 2103 923 2135 ita
939 2101 1141 2136 demandata
1161 2105 1218 2135 est
1235 2101 1367 2136 Carolo
1390 2101 1590 2136 Frederico
1612 2102 1658 2137 L.
1683 2103 1724 2138 F.
1749 2105 1796 2139 de
1818 2105 1998 2146 Rumokr,

129 2171 343 2206 cubiculario
368 2176 468 2218 regio
492 2173 692 2220 clavigero,
729 2173 841 2208 Erico
865 2172 1074 2208 Christiano
1103 2173 1308 2220 JVerlauff,
1346 2176 1422 2220 regi
1452 2186 1470 2209 a
1502 2175 1664 2210 consiliis
1689 2177 1997 2222 conscientiarum,

129 2243 350 2278 bibliothecae
381 2247 490 2290 regiae
520 2246 687 2291 praefecto
719 2252 753 2281 et
782 2246 940 2281 historiae
963 2246 1163 2292 professori
1187 2247 1365 2281 ordinario
1389 2247 1600 2290 Havniensi,
1635 2248 1746 2283 ,lusto
1772 2249 1997 2291 Olshausen,

129 2319 204 2361 regi
233 2327 252 2350 a
281 2316 442 2351 consiliis
473 2323 605 2361 status,
649 2319 843 2364 linguarum
875 2319 1094 2354 orientalium
1123 2319 1324 2365 professori
1360 2320 1536 2354 ordinario
1568 2320 1737 2363 Kiliensi,
1777 2321 1917 2356 Jocmm'
1948 2323 1997 2358 N.

128 2387 306 2434 Madm'q,
335 2388 537 2434 philologiae
561 2390 701 2425 Graecae
724 2397 759 2425 et
781 2391 915 2426 Latinae
939 2392 1140 2437 professori
1164 2392 1373 2434 Havniensi,
1409 2398 1446 2426 ut
1477 2392 1526 2426 illi
1559 2397 1593 2426 et
1617 2393 1856 2428 communibus
1881 2399 1997 2431 consi—

130 2460 186 2494 liis
221 2466 329 2495 totum
368 2463 544 2506 negotium
586 2469 822 2509 praepararent
856 2465 1048 2509 operisque
1084 2469 1202 2509 partes
1235 2464 1477 2498 describerent
1514 2468 1548 2497 et
1583 2475 1684 2508 quum
1717 2466 1785 2510 ipsi
1823 2468 1856 2501 in
1888 2478 1997 2513 opere

129 2533 356 2578 exsequendo
377 2532 598 2568 elaborarent
620 2540 691 2568 tum
714 2535 804 2569 alios
829 2538 863 2569 in
883 2535 1014 2569 laboris
1034 2538 1242 2570 societatem
1263 2541 1438 2570 vocarent.
1493 2535 1566 2569 Sed
1590 2535 1770 2578 Rmnolzr,
1802 2543 1938 2574 amoeni
1962 2549 1995 2576 et

130 2604 300 2650 elegantis
325 2607 379 2639 vir
403 2607 549 2650 ingenii,
575 2618 678 2652 quum
703 2606 893 2641 litterarum
918 2609 1121 2652 cognitione
1144 2613 1214 2642 tum
1240 2619 1324 2642 vero
1348 2609 1495 2642 maxime
1519 2609 1654 2651 artium,
1679 2620 1757 2655 quae
1780 2612 1814 2645 in
1834 2611 1995 2657 fingendo

130 2682 164 2711 et
194 2678 368 2723 pingendo
392 2683 595 2720 versantur,
625 2677 858 2712 subtilissimo
887 2679 1021 2723 judicio
1051 2680 1241 2724 praeditus,
1277 2691 1381 2725 quum
1412 2680 1574 2715 consiliis
1607 2681 1650 2715 de
1678 2684 1835 2718 universi
1863 2687 1994 2730 negotii
