2342 3089
1261 139 1319 184 76

369 262 457 294 enim
477 257 543 290 duo
566 254 697 288 numeri
719 246 765 287 ῑῗῑ·
785 254 818 283 et
837 247 906 291 ἑὼ
935 248 1047 282 codex
1067 251 1181 281 autem
1196 245 1263 280 No.

368 317 502 353 XXXI.
515 315 597 349 folia
611 313 681 346 125
698 313 861 351 continet,
886 309 997 342 literis
1016 318 1097 356 §gun
1109 309 1261 351 signata3

368 389 443 423 quae
466 375 547 409 folia
580 373 711 419 palmea
735 372 864 416 digitos
898 370 1008 403 denos
1038 372 1207 413 septenos
1231 371 1265 400 et

367 437 537 471 dimidium
571 434 674 478 longa
704 437 799 474 sunt,
841 432 976 476 paginae
1007 434 1193 474 quaternas
1226 426 1264 460 li-

366 508 448 532 neas
472 496 604 529 liabent.

464 557 502 590 In
531 555 712 590 codicibus
746 555 863 586 insunt
902 551 1080 596 complura
1115 551 1265 584 carmina

365 620 511 659 minora,
548 618 634 650 varii
664 615 855 659 argumenti
889 618 923 647 et
951 624 969 646 a
1003 613 1111 645 variis
1149 612 1264 656 poetis

365 679 565 723 composita.
633 676 773 709 Desunt
806 685 893 708 vero
928 673 1131 718 plerumque
1164 682 1265 717 quum

365 741 548 774 carminum
572 736 677 779 tituli,
702 741 771 769 tum
795 737 930 769 nomina
953 738 1140 780 poetarum.

728 867 893 922 XXXII.

648 968 988 1022 Isvaramnssaya

564 1043 651 1080 [olim
674 1043 727 1069 No.
749 1041 800 1070 22.
824 1042 932 1068 collect.
956 1038 1060 1075 Rask]

422 1137 543 1171 Codex
570 1135 652 1170 folia
677 1136 892 1179 undeviginti
917 1133 1050 1178 palmea
1073 1134 1268 1173 continens,

365 1200 494 1244 digitos
528 1203 716 1243 quaternos
747 1196 857 1229 denos
882 1200 917 1228 et,
945 1195 1119 1227 dimidium
1152 1186 1267 1238 longa,

365 1260 477 1294 literis
498 1257 792 1303 Singhalensibus
812 1255 908 1292 ᾶῐ-Τῖῖῐ
924 1257 1068 1300 signata.
1121 1254 1269 1299 Paginae

367 1325 552 1366 quaternas
572 1319 683 1352 lineas
703 1318 834 1351 liabent.
881 1315 1014 1361 Pagina
1030 1315 1103 1349 solii
1124 1324 1157 1350 επ
1174 1319 1270 1348 recta

367 1388 500 1423 ternos,
525 1386 662 1414 caeterae
681 1390 802 1413 omnes
827 1378 929 1412 binos
950 1388 1078 1411 versus
1095 1376 1269 1417 exhibent,

366 1444 424 1488 qui
448 1442 625 1488 quaternis
661 1442 694 1474 in
729 1440 870 1473 easdem
905 1438 1025 1472 literas
1059 1437 1269 1472 exeuntibus

365 1501 468 1536 lineis
488 1506 657 1535 constant.

467 1562 614 1597 Carmen
646 1549 946 1608 I'svara-msilagsu
993 1562 1024 1594 in
1062 1559 1197 1594 laudem
1237 1564 1272 1593 et

368 1624 534 1658 honorem
568 1624 718 1668 Durgae,
754 1625 876 1656 uxoris
906 1624 1004 1668 (Jivae
1038 1622 1271 1666 compositum

368 1690 440 1726 est,
477 1690 512 1718 et
541 1685 582 1718 ad
606 1684 770 1730 Kappua
803 1685 881 1717 sive
917 1683 1108 1717 daemonum
1143 1681 1271 1716 cultum

369 1748 523 1790 pertinet.

724 1874 909 1929 XXXIII.

635 1985 664 2017 A
675 1984 1009 2018 iuba-vidamana

593 2046 673 2078 (olim
698 2046 750 2072 No.
773 2046 802 2074 2.
824 2047 933 2073 collect.
957 2045 1056 2080 Rask.)

474 2137 595 2172 Codex
619 2138 700 2172 solia
724 2139 917 2173 octodecim
942 2138 1130 2184 palmarum
1165 2139 1274 2171 eonti-

374 2210 477 2240 nens,
502 2204 690 2244 quaternos
716 2200 825 2234 denos
851 2201 982 2244 digitos
1006 2198 1128 2243 longa,
1161 2198 1273 2232 literis

374 2259 663 2304 Singhalensibus
686 2270 781 2296 arf-1²11
811 2263 954 2306 signata.
1018 2259 1164 2304 Paginae
1194 2271 1275 2305 qua-

374 2325 489 2354 ternas
519 2321 628 2355 lineas
661 2321 806 2364 habent,
848 2327 881 2355 et
913 2321 1116 2366 plerumque
1152 2326 1273 2354 ternos

374 2391 500 2414 versus
514 2387 752 2426 quaternarum
773 2383 950 2424 linearum,
975 2393 1052 2427 quae
1076 2384 1108 2415 in
1130 2382 1274 2416 eosdem

376 2450 485 2474 sonos
509 2443 640 2476 cadunt.

478 2500 621 2535 Carmen
653 2502 998 2538 Amba-vidmnana
1039 2505 1071 2536 in
1105 2503 1273 2537 honorem

379 2559 451 2591 deae
475 2559 721 2597 Pastilli-clevi
744 2567 974 2609 compositum
999 2570 1070 2606 est,
1103 2575 1180 2609 quae
1207 2576 1273 2598 cae-

379 2623 475 2651 teros
499 2619 672 2655 daemones
696 2625 729 2656 in
752 2627 864 2668 pomis
889 2625 1010 2670 Mangi
1032 2624 1178 2668 (amba)
1204 2627 1273 2659 ictu

379 2677 543 2711 feriendis
586 2690 775 2724 superasse
815 2686 966 2719 traditur.
1032 2686 1190 2720 Pertinet
1232 2686 1272 2720 ad

378 2737 476 2771 Iidem
501 2749 637 2781 eorum,
661 2743 716 2784 qui
741 2743 915 2780 daemones
939 2746 1063 2780 colunt.

1438 243 1492 282 4.
1545 243 1706 282 Libri
1734 241 2098 291 grammatici

1672 307 1859 343 (mu—4⁰.)

1677 417 1861 472 XXXIV.

1570 525 1972 570 Siddat-sangrava

1521 587 1607 624 [olim
1629 587 1684 616 No.
1713 587 1762 615 40.
1794 588 1887 617 donat.
1916 586 2023 621 Rask]

1423 670 1545 704 Codex
1576 670 1790 714 undeviginti
1819 668 1901 702 folia
1929 668 2116 714 palmarum
2144 679 2225 703 con-

1319 734 1453 773 tinens,
1487 736 1608 765 ternos
1639 731 1750 764 denos
1775 730 1905 774 digitos
1930 729 2051 774 long-113
2081 731 2225 775 primum

1321 803 1465 828 numero
1489 797 1601 834 earet,
1636 796 1765 826 caetera
1788 790 1902 825 literis
1931 789 2225 836 Singlialensihus

1320 864 1415 891 Ξιτ-ῑεῐῐ
1449 855 1585 899 signata
1620 858 1719 896 sunt3
1762 854 1900 898 paginae
1934 857 2081 886 octonas
2116 850 2226 885 lineas

1320 916 1456 950 habent.

1422 976 1460 1009 In
1492 975 1616 1010 codice
1648 976 1741 1009 inest
1769 974 1858 1008 liber
1887 972 2227 1019 Se'dclal-sanyrciva

1322 1040 1399 1072 sive
1444 1035 1553 1071 Sidae
1566 1058 1579 1063 -
1591 1037 1754 1081 εαηῃανά
1771 1061 1782 1075 ,

1322 1098 1476 1139 Eluicae,
1512 1109 1611 1142 quam
1645 1097 1816 1143 sacerdos
1851 1095 2056 1130 Buddhicus
2091 1097 2227 1130 nomine

1833 1036 2054 1079 grannnatica
2100 1034 2227 1078 linguae

1324 1158 1581 1204 Dltarmuptila
1604 1158 1835 1202 conscripsit,
1865 1158 1941 1201 qui,
1965 1162 2056 1190 teste
2080 1156 2227 1197 Raskio,

1322 1220 1444 1254 abhinc
1480 1219 1573 1253 mille
1612 1224 1645 1252 et
1689 1220 1899 1263 quingentos
1942 1228 2051 1252 annos
2092 1219 2228 1251 vixisse

1323 1282 1478 1315 traditur.

1691 1392 1858 1447 XXXV.

1592 1501 1962 1546 Elu-aksaradiya

1528 1565 1615 1601 [olim
1642 1564 1694 1591 No.
1725 1563 1775 1593 38.
1807 1564 1901 1590 donat.
1926 1562 2029 1597 Rask.]

1427 1647 1551 1681 Codex
1574 1646 1657 1681 solia
1680 1646 1728 1679 44
1752 1646 1939 1691 palmarum
1963 1647 2158 1687 continens,
2183 1645 2230 1678 di-

1325 1712 1419 1755 gitos
1444 1713 1615 1754 septenos
1640 1708 1750 1741 denos
1775 1712 1809 1741 et
1841 1708 2015 1741 dimidium
2039 1706 2161 1751 longa,
2192 1706 2232 1740 li-

1325 1773 1412 1805 teris
1436 1769 1730 1814 Singlialensihus
1758 1764 1853 1804 δεῖ-τῆ
1884 1770 2035 1812 signata3
2074 1769 2230 1801 omissus

1326 1834 1414 1867 enim
1452 1837 1507 1866 est
1542 1841 1707 1864 numerus
1741 1839 1778 1880 εξ.

1326 1899 1495 1939 septenas
1518 1892 1629 1925 lineas
1653 1890 1789 1925 habent.

1429 1953 1561 1988 Codice
1594 1954 1791 1986 continetur
1813 1950 2074 1985 vocabularium
2104 1949 2231 1994 linguae

1326 2014 1480 2057 Eluicae,
1516 2014 1609 2060 quod
1641 2015 1675 2047 in
1707 2018 1830 2047 nostro
1854 2013 1977 2046 codiee
2001 2010 2100 2045 titulo
2125 2015 2230 2044 caret.

1327 2075 1509 2111 Vocabula
1533 2075 1668 2117 Ennea,
1694 2073 1921 2119 Singhalensi
1947 2073 2232 2117 interpretatione

1327 2137 1524 2183 explicata,
1570 2138 1602 2170 in
1635 2135 1779 2176 literas,
1829 2145 1848 2168 a
1888 2134 2013 2179 quilius·
2049 2134 2231 2177 incipiunt,

1328 2199 1464 2243 digesta
1499 2202 1581 2230 sunt
1617 2195 1820 2241 quintuplici
1857 2193 2060 2239 plerumque
2090 2193 2231 2233 ordine,

1328 2262 1371 2293 ita
1399 2264 1435 2292 ut
1459 2257 1608 2302 singulae
1633 2257 1767 2301 paginae
1792 2256 1924 2289 tricena
1943 2256 2044 2300 quina
2062 2252 2231 2288 vocabula

1848 1829 1992 1874 Pagina}
2029 1828 2231 1874 plerumque

1327 2319 1519 2354 exhibeant.

1690 2429 1873 2484 nul.

1593 2539 1962 2582 Elii-aksaradiya

1380 2603 1451 2639 (No.
1476 2603 1540 2630 XV.
1565 2602 1668 2636 chart-3
1693 2602 1760 2628 olim
1784 2602 1835 2628 No.
1860 2600 1909 2628 41.
1934 2599 2041 2626 collect.
2066 2596 2172 2631 Rask.)

1429 2685 1550 2719 Codex
1575 2684 1793 2725 chartaceus,
1818 2693 1913 2716 more
1938 2681 2113 2724 Europaeo
2136 2689 2229 2712 eom-

1329 2752 1468 2791 pactus,
1501 2745 1619 2779 termae
1644 2745 1894 2789 quaternariae,
1929 2740 2058 2775 chartae
2081 2739 2228 2777 Indicae,
