2342 3089
363 137 426 178 vl

363 246 469 279 forma
492 239 737 279 describenda,
763 246 964 282 quamquam
983 238 1052 280 jam
1076 241 1145 270 tum
1169 235 1366 270 valetudine
1389 237 1509 271 affecta
1539 244 1630 281 erat,
1665 241 1823 284 gnaviter
1846 244 1957 273 tamen
1981 238 2211 281 interfuisset,

362 321 481 360 postea
505 316 601 346 aucta
626 309 816 343 infirmitate
840 308 1020 351 corporis,
1053 307 1228 342 Lubeeam
1252 318 1294 341 se
1317 310 1351 341 in
1375 310 1480 342 otium
1505 310 1697 353 transtulit,
1727 322 1805 344 mox
1831 310 2003 345 Dresdam
2029 310 2209 356 profectus

361 386 403 418 ibi
424 392 464 425 (a.
487 379 776 416 MDCCCXLIII
797 379 826 412 d.
846 377 954 411 XXV
981 389 1023 411 m.
1043 377 1143 418 Julii)
1172 384 1329 413 mortuus
1354 385 1425 421 est3
1449 382 1495 414 ita
1519 380 1643 427 reliqui
1669 387 1754 424 tres,
1779 393 1868 427 quos
1893 382 2053 424 diximus,
2079 384 2208 427 negotii

361 466 473 489 curam
497 452 565 487 soli
590 452 792 486 habuerunt.
846 448 935 492 Quae
959 449 1000 483 ab
1025 449 1185 483 omnihus
1210 455 1357 495 quatuor
1381 450 1423 483 de
1446 451 1567 485 ordine
1592 456 1642 487 rei
1666 454 1831 498 gerendae
1850 456 2037 488 constituta
2057 460 2091 487 et
2113 456 2211 499 regis

359 526 594 570 augustissimi
618 533 768 557 assensu
788 521 1009 566 comprobata
1029 526 1120 562 sunt,
1142 520 1211 567 legi
1231 527 1381 566 possunt
1401 524 1433 555 in
1463 522 1676 568 U'erlanffii
1695 524 1783 558 libro
1806 525 1848 559 de
1871 525 2080 560 bibliotheca
2101 528 2209 570 regia,

360 601 477 631 iterum
503 596 615 636 edito,
640 607 670 639 p.
695 593 767 627 379
790 595 1038 638 proximisque.

553 666 776 710 Exsequendi
801 667 919 710 operis
943 666 1073 698 initium
1099 664 1213 698 facere
1242 667 1355 698 visum
1380 670 1436 698 est
1459 677 1478 699 a
1502 666 1683 700 codicibus
1709 666 1965 709 Orientalibus,
1991 679 2093 712 quum
2118 668 2209 713 quod

358 743 388 773 in
414 740 478 773 hoc
506 749 634 783 genere
658 736 760 770 multa
785 742 818 770 et
842 735 1008 781 praeclara
1033 742 1063 770 et
1090 747 1208 782 parum
1233 742 1312 770 nota
1335 736 1547 771 bibliotheca
1571 737 1683 780 babet,
1712 744 1760 780 ut,
1786 740 1817 773 si
1842 750 1860 772 a
1883 739 2064 773 codicibus
2090 741 2130 773 ad
2152 751 2211 774 res

357 809 648 855 septentrionales
684 808 935 853 pertinentibus
968 808 1200 850 discesseris,
1245 808 1339 842 nullo
1370 811 1403 842 in
1441 810 1598 843 codicum
1634 821 1764 854 genere
1794 812 1904 855 magis
1934 811 2099 854 excellat,
2142 818 2211 846 tum

357 883 446 927 quod
473 884 541 926 jam
571 887 648 915 ante
679 882 713 914 in
739 879 851 924 aliqua
874 885 971 924 parte
995 881 1151 914 codicum
1177 879 1430 924 Orientalium,
1471 883 1661 916 Semiticos
1686 883 1848 924 dicimus,
1890 894 1957 917 non
1981 894 2090 928 pauca
2114 885 2211 928 operi

357 959 543 999 praeparata
568 958 672 986 erant.
739 950 872 985 Caetera
901 952 1058 986 codicum
1082 964 1212 997 genera
1245 953 1422 988 nonnihilo
1452 953 1689 988 molestiorem
1714 961 1772 989 aut
1802 961 1899 989 certe
1930 955 2103 1000 longioris
2129 961 2212 990 tem-

357 1027 451 1070 poris
475 1024 598 1058 habent
621 1025 874 1061 tractationenn
900 1035 973 1057 nam
998 1035 1110 1069 neque
1134 1025 1277 1059 codices
1299 1024 1417 1059 Graeci
1439 1032 1472 1060 et
1494 1025 1603 1061 Latini
1630 1032 1725 1061 recte.
1749 1029 1930 1061 recenseri
1956 1032 2117 1072 possunt,
2145 1029 2211 1060 nisi

355 1098 395 1130 ab
420 1107 481 1138 eo,
513 1098 569 1142 qui
595 1098 627 1129 in
651 1101 848 1130 exterorum
873 1091 1111 1139 bibliothecis,
1148 1097 1205 1131 ubi
1234 1093 1342 1142 maj0r
1366 1097 1562 1143 hujusmodi
1587 1099 1745 1132 codicum
1770 1102 1871 1144 copia
1902 1105 1975 1141 est,
2014 1098 2210 1133 facultatem

357 1175 389 1202 et
414 1180 510 1202 usum
535 1179 701 1213 generum
729 1173 933 1212 aetatumque
961 1170 1238 1204 aestiinandarum
1263 1172 1414 1214 paravit,
1452 1176 1502 1212 et,
1534 1172 1588 1215 qui
1615 1171 1657 1204 ad
1681 1182 1815 1205 omnem
1840 1173 2074 1205 recentiorum
2099 1182 2211 1216 popu-

357 1240 465 1274 lorum
496 1240 674 1273 historiam
706 1240 908 1284 litterasque
939 1242 1123 1285 pertinent,
1167 1252 1310 1275 numero
1340 1248 1373 1275 et
1402 1243 1605 1276 diversitate
1631 1243 1820 1287 disponere
1845 1249 1878 1277 et
1912 1243 2115 1277 describere
2152 1254 2211 1277 eo-

357 1318 487 1345 nantem
519 1323 616 1356 paene
647 1312 805 1346 obruunt.
859 1312 929 1346 Sed
961 1311 1191 1346 Orientalium
1220 1315 1379 1348 codicum
1411 1314 1537 1359 duplex
1567 1319 1622 1348 est
1652 1317 1684 1348 in
1714 1315 1925 1350 bibliotheca
1960 1318 2055 1360 regia
2080 1325 2210 1361 genus;

355 1384 451 1417 alteri
477 1384 564 1416 enim
598 1384 639 1417 ad
669 1384 801 1417 litteras
833 1384 1035 1426 Semiticas,
1071 1384 1242 1419 Persicas
1273 1392 1306 1420 et
1336 1386 1506 1421 Turcicas
1537 1388 1724 1431 pertinent,
1767 1389 1856 1421 inter
1891 1399 1981 1432 quos
2017 1387 2210 1429 excellunt,

355 1457 409 1500 qui
441 1455 614 1489 Car-§tani
643 1455 811 1489 Niebuhr
834 1467 940 1501 opera
971 1459 1003 1490 in
1027 1457 1134 1491 nobili
1158 1457 1215 1491 illa
1239 1469 1300 1502 per
1325 1460 1445 1493 Asiam
1470 1460 1751 1503 peregrinatione
1776 1461 1964 1504 comparati
1988 1466 2087 1502 sunt,
2112 1459 2211 1494 alteri

355 1528 395 1561 ad
418 1527 565 1569 Indicas,
591 1538 736 1572 quorum
761 1534 791 1561 et
818 1529 952 1573 plurimi
977 1534 1010 1563 et
1034 1531 1314 1574 praestan-tissimi
1337 1532 1377 1565 ab
1406 1530 1562 1565 Erusmo
1587 1529 1707 1570 Raslc,
1730 1533 1807 1565 viro
1828 1531 2081 1573 illustrissimo,
2111 1543 2210 1577 quem

355 1598 477 1632 acerba
500 1604 610 1633 morte
635 1602 831 1641 amisimus,
867 1612 909 1634 ex
934 1600 1028 1635 India
1051 1602 1185 1636 advecti
1213 1609 1303 1636 sunt.
1368 1603 1414 1637 Et
1442 1603 1688 1637 Semiticorum
1714 1604 1849 1648 quidem
1875 1604 2050 1646 codicum,
2090 1603 2212 1638 Persi-

355 1682 489 1712 corum,
520 1670 748 1705 Turcieorum
779 1672 991 1717 catalogum,
1016 1675 1085 1718 jam
1110 1680 1187 1708 ante
1212 1675 1424 1716 inchoatum,
1453 1681 1485 1709 et
1511 1675 1603 1720 quod
1627 1676 1669 1708 ad
1693 1675 1836 1709 codices
1860 1676 2034 1710 Ebraicos
2066 1681 2100 1709 et
2123 1677 2211 1710 Ara-

355 1743 453 1775 bieos
486 1744 621 1784 attinet,
656 1754 699 1777 ex
726 1750 822 1788 parte
855 1744 1067 1779 elaboratum
1104 1748 1230 1780 studiis
1261 1746 1433 1782 Matthioe
1464 1747 1628 1793 Haqnim'
1659 1746 1891 1793 Hohlenberq
1926 1753 1959 1782 et
1990 1747 2116 1782 Caroli
2146 1747 2207 1782 Th.

354 1814 579 1855 Jolmmzsen,
616 1815 855 1858 professorum
885 1816 1151 1860 Havniensium,
1196 1830 1285 1864 quos
1318 1819 1441 1854 litteris
1472 1830 1566 1852 mors
1598 1821 1740 1864 eripuit,
1771 1819 2021 1853 absolvendum
2051 1822 2211 1865 suscepit

355 1885 485 1919 ,Iustus
511 1885 728 1926 Olshausen,
752 1899 840 1921 unus
865 1899 908 1922 ex
932 1891 995 1931 iis,
1020 1891 1077 1934 qui
1100 1892 1268 1924 universo
1293 1894 1435 1936 negotio
1460 1896 1630 1936 praesunt,
1655 1892 1695 1925 ad
1720 1891 1915 1924 Indicorum
1941 1892 2098 1925 codicum
2119 1897 2210 1925 eata-

358 1958 472 2002 logum
492 1958 741 1991 conficiendum
763 1961 1008 2004 percommode
1037 1972 1121 1996 sese
1142 1963 1266 1997 obtulit
1290 1966 1432 2008 egregia
1457 1964 1613 1997 doctrina
1637 1968 1670 1997 et
1692 1963 1861 1997 industria
1886 1964 2031 1997 duorum
2056 1965 2209 1998 virorum

358 2027 425 2061 illis
448 2028 572 2062 litteris
595 2030 899 2074 deditissimorum,
924 2034 1067 2077 primum
1087 2034 1270 2068 Fridericz'
1283 2034 1446 2082 Spieqel,
1470 2035 1703 2080 philosophiae
1728 2036 1896 2076 doctoris,
1921 2034 2060 2076 Bavari,
2087 2035 2210 2070 deinde

356 2100 403 2133 N.
435 2099 615 2135 Lndonici
652 2102 937 2149 1Vesterfflta7·zl,
979 2109 1167 2149 nostratis,
1207 2107 1401 2151 linguarum
1426 2108 1653 2142 Orientalium
1679 2119 1768 2141 nune
1792 2108 1880 2152 apud
1903 2118 1968 2140 nos
1990 2106 2209 2151 professoris

356 2171 555 2213 clarissimi,
582 2176 638 2218 qui
663 2180 766 2208 totam
790 2175 876 2209 hane
901 2182 1029 2221 partem
1055 2180 1086 2211 in
1111 2179 1266 2213 ordinem
1291 2180 1512 2224 digerendam
1539 2185 1572 2213 et
1595 2179 1842 2213 absolvendam
1868 2181 2036 2224 suscepit.
2091 2179 2210 2224 Itaque

355 2255 454 2287 quum
480 2246 555 2288 ejus
581 2248 734 2279 universi
760 2247 909 2292 catalogi
939 2251 1063 2293 partis,
1099 2261 1175 2294 quae
1199 2252 1343 2285 codices
1368 2250 1569 2285 Orientales
1594 2251 1921 2296 comprehenderet,
1954 2252 2022 2285 duo
2051 2250 2208 2285 fasciculi

355 2326 514 2349 seorsum
545 2320 638 2362 typis
669 2318 820 2352 describi
850 2323 964 2365 coepti
997 2327 1135 2364 essent,
1173 2322 1261 2356 alter
1288 2323 1534 2357 Semiticorum
1572 2324 1731 2357 codicum
1763 2334 1838 2356 eum
1869 2322 2031 2357 Persicis
2063 2328 2097 2357 et
2120 2322 2209 2357 Tur-

356 2388 458 2427 cieis,
493 2388 579 2422 alter
603 2390 816 2432 Indicorum,
855 2394 901 2434 is,
926 2395 983 2438 qui
1012 2393 1153 2427 Indicos
1185 2396 1355 2436 continet,
1392 2395 1483 2439 quod
1513 2394 1783 2441 ῙῙῬεὲενῃαανιί
1811 2397 1888 2440 ipse
1919 2406 2082 2440 praesens
2108 2400 2208 2440 typo-

357 2455 521 2491 thetarum
550 2472 688 2504 operam
714 2474 840 2507 urgere
869 2470 903 2498 et
926 2476 1051 2509 regere
1075 2471 1230 2510 poterat,
1268 2467 1365 2510 prius
1395 2466 1578 2500 absolutus
1607 2478 1697 2500 nunc
1727 2467 1924 2512 evulgatum
1959 2468 2001 2501 de
2033 2477 2100 2512 quo
2131 2477 2208 2511 quae

360 2531 540 2569 separatim
566 2536 804 2574 praemonenda
827 2542 924 2578 sunt,
950 2538 1062 2582 ipsius
1093 2537 1392 2584 Westerqaardiz·
1414 2538 1533 2572 verbis
1557 2541 1719 2583 exposita
1743 2539 1830 2573 hanc
1854 2538 2088 2585 praefationem
2114 2540 2207 2572 exei-

361 2598 462 2639 piunt.
516 2600 600 2634 Illud
620 2603 731 2637 doctis
755 2606 949 2643 hominibus
973 2614 1107 2653 gratum
1126 2609 1202 2643 sore
1221 2620 1417 2654 speramus,
1442 2611 1545 2655 quod,
1571 2611 1817 2656 comprobante
1837 2621 1922 2655 rege
1941 2612 2205 2654 augustissimo,

360 2668 437 2702 huic
461 2670 607 2715 catalogi
637 2673 802 2710 fasciculo
826 2679 980 2723 adjectus
1005 2686 1060 2715 est
1085 2682 1186 2715 index
1217 2682 1374 2716 codicum
1405 2683 1601 2717 indicorum
1630 2688 1665 2717 et
1693 2683 1922 2723 Iranicorum,
1947 2683 2004 2726 qui
2027 2683 2062 2715 in
2084 2681 2207 2716 biblio-
