2342 3089
1258 145 1315 190 74

465 262 501 296 In
525 261 630 300 libro,
657 253 1193 294 Kosala-bimba-rarmma'va
1217 255 1265 286 in-

366 325 513 367 scripto,
550 323 640 354 inest
667 320 736 351 vita
767 318 863 359 regis
893 314 1071 359 eujusdam
1102 313 1264 355 Kosalae,

365 385 432 428 qui,
454 381 598 415 Buddha
615 382 695 413 vivo
711 382 745 411 et
764 376 988 421 approbante,
1013 376 1172 419 imaginis
1188 376 1264 418 ejus

363 441 510 486 (himba)
533 440 659 474 cultum
684 439 881 472 instituisse
905 436 1059 469 traditur.

755 549 862 603 xxl.

608 657 1011 704 Kappina-kathava

568 721 654 757 (olim
677 721 729 746 No.
753 719 802 748 37.
827 720 922 746 donat.
946 717 1051 755 Rask.)

461 803 581 837 Codex
606 802 687 836 solia
711 801 757 836 33
783 801 969 847 palmarum
994 802 1195 842 continens,
1225 800 1264 833 li-

360 867 445 899 teris
479 873 556 899 επ-τι·
591 862 885 906 Singbalensibus
930 864 1085 907 signata,
1134 862 1263 906 digitos

361 931 548 971 quaternos
573 924 683 957 denos
708 928 742 957 et
761 919 935 957 dimidium
955 922 1066 968 longa.
1119 922 1265 967 Paginae

361 997 465 1021 senas
489 986 598 1019 lineas
622 984 755 1018 habent.

461 1047 498 1080 ln
534 1046 656 1080 codiee
697 1047 789 1079 inest
822 1046 893 1078 vita
930 1044 1116 1090 Kappz‘me
1149 1045 1264 1089 regis,

362 1110 416 1142 eui
440 1108 483 1141 ob
507 1106 770 1141 munificentiam
794 1110 828 1139 et
852 1104 1091 1140 liberalitatem
1108 1107 1265 1150 contigit,
1288 1101 1290 1113 ¹

360 1175 397 1203 ut
419 1169 587 1203 sacerdos
611 1172 864 1201 renasceretur.

561 1365 612 1405 3.
665 1365 826 1404 Libri
854 1365 1064 1413 poetici

720 1431 900 1464 (πε-33.)

746 1552 874 1607 XXII.

559 1677 776 1722 Sarangad
788 1690 806 1711 a
818 1678 1073 1712 ra-kathaiva

578 1739 663 1775 (olim
681 1740 731 1768 No.
749 1739 798 1768 28.
816 1741 926 1767 collect.
945 1739 1052 1776 Rask.)

467 1843 588 1878 Codex
628 1844 710 1878 solia
750 1844 799 1878 28
839 1845 1026 1890 palmarum
1066 1846 1269 1886 continens,

369 1905 497 1949 digitos
531 1910 698 1950 septenos
734 1906 845 1940 denos
879 1906 997 1951 longa3
1040 1907 1184 1951 primum
1210 1917 1270 1939 nu-

369 1976 464 1999 mero
499 1970 617 2006 caret,
679 1972 806 2000 caetera
853 1966 965 2001 literis
1003 1964 1084 2003 ΞΕ-ἓῐ
1122 1966 1270 2011 Singha-

371 2025 526 2059 lensibus
550 2028 684 2070 signata
712 2033 799 2062 sunt.

371 2097 455 2119 neas
478 2086 612 2120 habent.

851 2027 996 2073 Paginae
1021 2033 1207 2073 quaternas
1233 2027 1271 2061 li-

471 2146 509 2180 In
542 2147 663 2181 codice
698 2150 789 2182 inest
817 2160 956 2182 carmen
987 2148 1272 2195 Saranyadara-

373 2206 534 2240 lfatlza'va
572 2207 686 2252 lingua
722 2208 845 2243 Eluica
881 2212 1137 2255 compositum,
1180 2216 1272 2245 teste

373 2267 522 2309 Raskio,
551 2279 569 2301 a
594 2268 922 2314 Pusvoeli-pffljdita,
946 2275 1023 2304 ante
1047 2276 1184 2304 centum
1207 2274 1273 2305 cir-

374 2330 460 2361 citer
483 2339 601 2362 annos.
657 2328 802 2363 Carmen
821 2330 893 2364 ‘275
914 2331 1090 2373 versibus,
1104 2333 1173 2376 -qui
1193 2343 1273 2376 qua-

375 2389 482 2420 ternis
519 2388 620 2422 lineis
658 2392 688 2422 in
729 2392 868 2424 easdem
908 2391 1026 2425 literas
1064 2393 1272 2426 exeuntibus

377 2452 551 2490 coustant,
582 2449 746 2484 describit
770 2453 872 2484 vitam
895 2451 1173 2498 Saranyadm'oe
1196 2455 1273 2487 sive

378 2504 659 2550 Sarangadharae,
676 2512 731 2554 qui
747 2511 790 2544 ob
812 2511 931 2546 salsam
951 2524 1114 2546 novercae
1130 2524 1273 2547 accusa-

381 2565 507 2597 tionem
530 2577 548 2598 a
570 2573 665 2611 patre
689 2571 834 2613 pedibus
859 2578 891 2606 et
917 2573 1073 2607 manibus
1097 2573 1273 2608 mutilatus

382 2627 416 2654 et
445 2624 477 2654 in
505 2624 605 2666 sylva
633 2626 716 2661 seris
747 2634 948 2675 expositus,
986 2634 1134 2679 denique
1164 2645 1183 2668 a
1207 2635 1273 2668 diis

382 2683 523 2715 crimine
558 2682 723 2720 liberatus
760 2695 794 2722 et
831 2693 864 2724 in
902 2693 1048 2728 salutem
1091 2697 1274 2729 restitutus

383 2751 466 2774 esse
489 2742 641 2775 traditur.

1288 1032 1289 1043 γ
1319 986 1442 1021 Eluiea
1465 989 1674 1032 composuit.

1691 251 1840 306 xxlll.

1572 355 1961 400 Kauminikondola

1320 416 1391 453 (No.
1415 417 1466 444 xl.
1491 417 1595 451 chart-3
1625 418 1692 445 olim
1715 419 1768 446 No.
1792 417 1842 446 21.
1867 418 1954 445 chart.
1983 418 2094 447 colles-t.
2118 416 2222 452 Rask.)

1420 498 1541 532 Codex
1582 498 1789 534 chartaceus
1824 499 1944 534 formae
1979 501 2223 545 quaternariae,

1318 570 1415 593 more
1446 559 1624 605 Europaeo
1660 566 1852 602 consutus,
1891 566 2028 595 constat
2065 560 2137 594 148
2167 572 2225 606 pa-

1318 622 1428 665 ginis,
1464 623 1616 654 numeris
1646 620 1834 666 Europaeis
1865 623 2025 666 signatis.
2079 621 2225 666 Signum

1318 682 1491 723 chartarii,
1517 682 1646 715 chartae
1669 681 1831 726 Anglieae
1854 684 2078 727 impressum,
2103 694 2225 717 annum

1319 742 1417 777 1819
1442 743 1592 777 exhibet.

1419 804 1456 838 In
1481 804 1604 838 codice
1628 805 1719 837 inest
1742 814 1898 846 carmen,
1923 801 2227 844 Καιι-ηιὶηέ-Ιῑοῃ-

1318 865 1402 907 dola
1425 867 1647 909 inscriptum,
1683 865 1775 910 quod
1805 863 2226 909 Samaraj‘iva-lfcemz'du

1319 927 1456 971 quidam
1486 931 1622 959 centum
1654 928 1796 960 circiter
1829 925 1953 959 abhinc
1976 936 2086 960 annos
2111 924 2228 969 lingua

1729 986 1876 1020 Carmen
1900 992 2039 1020 constat
2061 985 2227 1020 versibus

1320 1047 1411 1089 722,
1443 1050 1499 1093 qui
1535 1053 1721 1093 quaternas
1746 1047 1858 1081 lineas
1889 1050 1922 1081 in
1947 1048 2091 1081 eosdem
2114 1055 2227 1080 sonos

1319 1109 1485 1142 cadentes
1526 1111 1724 1151 continent,
1770 1113 1805 1142 et
1844 1110 1998 1142 numeris
2039 1108 2227 1152 Europaeis

1322 1169 1432 1203 1-725
1457 1172 1593 1214 signata
1621 1174 1722 1211 sunt,
1757 1174 1830 1203 tres
1856 1180 1941 1203 vero
1970 1170 2120 1211 numeri,
2157 1167 2228 1209 61,

1321 1230 1386 1273 66,
1410 1230 1502 1273 403,
1532 1232 1656 1264 omissi
1680 1235 1769 1263 sunt.

1320 1294 1391 1327 vita
1413 1291 1648 1339 Jagsaddz'soe,
1673 1296 1707 1324 et
1730 1296 1834 1336 poeta
1857 1295 2094 1335 argumentum
2113 1290 2229 1324 hausit

1783 1351 1867 1390 (Cfr.
1890 1364 1920 1397 p.
1937 1351 1996 1385 41.
2012 1351 2106 1385 XIV.
2122 1349 2178 1384 50.
2190 1354 2228 1387 3.)

1833 1229 1993 1263 Carmine
2018 1229 2229 1264 describitur

1321 1365 1340 1388 e
1363 1352 1729 1400 Jayaddisa-jcitalsa.

1701 1465 1848 1520 xxiv.

1537 1574 2020 1619 Piri-nivan-jatakaya

1524 1636 1612 1673 (olim
1639 1638 1694 1664 No.
1724 1637 1752 1665 4.
1783 1637 1894 1664 collect.
1922 1634 2027 1672 Rask.)

1424 1719 1546 1753 Codex
1585 1719 1667 1754 solia
1709 1719 1756 1753 33
1797 1718 1985 1764 palmarum
2026 1719 2228 1758 continens,

1323 1791 1433 1815 senos
1457 1781 1568 1815 denos
1593 1781 1723 1825 digitos
1747 1779 1862 1824 longa,
1886 1779 2000 1812 literis
2023 1777 2230 1822 Singhalen-

1323 1842 1424 1875 sibus
1447 1851 1525 1879 ῑπ-τῐ·
1547 1844 1691 1886 signata.
1744 1840 1889 1885 Paginae
1914 1845 2099 1884 quaternas
2118 1838 2229 1874 lineas

1323 1903 1459 1945 habent,
1484 1908 1518 1937 et
1539 1903 1741 1948 plerumque
1763 1901 1906 1935 totidem
1921 1911 2050 1934 versus
2066 1900 2230 1934 exhibent

1324 1969 1566 2009 quaternarum
1590 1963 1778 2004 linearum,
1815 1973 1892 2007 quae
1921 1963 1955 1995 in
1985 1961 2125 1995 easdem
2155 1960 2231 1995 lite-

1324 2036 1382 2059 ras
1407 2030 1541 2059 exeunt.

1405 2086 1563 2128 Carmen,
1581 2082 1993 2129 Piri-nivan-jcitalsaya
2014 2084 2229 2126 inscriptum,

1326 2152 1469 2181 mortem
1502 2146 1659 2180 Buddhae
1690 2146 1834 2179 uberius
1871 2144 2054 2186 describit3
2104 2154 2227 2176 reeen-

1326 2210 1416 2242 tiore
1439 2213 1540 2241 aetate
1570 2208 1802 2251 compositum
1832 2209 1903 2246 est,
1939 2215 2051 2249 neque
2081 2204 2123 2237 ad
2146 2205 2230 2237 anti-

1326 2280 1412 2314 quas
1428 2271 1530 2309 vitas,
1551 2279 1627 2313 quae
1639 2266 1780 2301 Ja'talm
1800 2270 1979 2306 vocantur,
2003 2264 2229 2299 referendum.

1718 2354 1844 2408 xw.

1679 2441 1874 2475 Sandesa
1904 2451 1909 2452 ⁷

1528 2504 1614 2540 (olim
1637 2503 1690 2530 No.
1713 2502 1763 2531 32.
1788 2504 1896 2529 collect.
1919 2501 2023 2538 Rask.)

1429 2572 1550 2605 Codex
1580 2572 1660 2606 solia
1684 2571 1754 2604 211
1787 2570 1972 2616 palmarum
1996 2568 2144 2609 habens,
2182 2568 2230 2601 di-

1327 2635 1421 2678 gitos
1445 2638 1614 2678 septenos
1640 2633 1750 2666 denos
1775 2638 1810 2666 et
1833 2631 2004 2665 dimidium
2028 2629 2154 2673 longa,
2192 2628 2230 2662 li-

1328 2697 1414 2728 teris
1448 2694 1740 2738 Singhalcnsibus
1769 2691 1852 2727 επ-ᾒς
1879 2693 2021 2734 signata.
2087 2688 2230 2734 Paginae

1313 2760 1514 2800 quat-ernas
1540 2754 1649 2788 lineas
1674 2753 1805 2787 habent.
