2342 3089
427 355 708 409 Rtusanljzira

384 425 472 463 [olim
502 426 564 453 sine
598 425 744 462 numero.)

209 508 330 543 Codex
347 508 429 544 folia
451 509 498 543 19
514 509 644 543 chartae
657 509 859 554 Bengalieae
875 508 1019 551 liabens,

107 580 217 604 senos
242 570 354 604 denos
379 571 510 616 digitos
534 571 639 615 longa
669 576 703 604 et
727 571 803 605 rudi
827 570 1020 615 Bengaliea
1051 577 1052 604 1

107 633 282 676 scriptura
305 637 456 666 exarata.

106 691 249 735 liabent,
280 698 409 738 praeter
431 698 612 739 utramque
636 693 710 726 solii
735 692 782 726 18
805 698 840 727 et
861 695 1019 738 pagiuam

106 752 180 787 folii
206 753 252 787 19
276 759 424 797 rectam,
449 755 575 801 quibus
600 756 713 800 quinae
736 759 827 788 sunt.

211 814 418 850 Continetur
448 817 571 850 codice
603 827 742 849 carmen
776 804 1020 857 li'tnsanbussra

106 876 273 926 (πξήῗῐῖ)
307 878 530 923 inscriptum,
565 881 709 910 auctore
734 875 910 909 Kailidzisa.
963 876 1018 909 Ab

106 937 260 971 editione
283 936 502 972 Bohleniana
525 948 594 971 non
626 947 706 970 raro
732 936 893 971 differunt.
916 948 1019 981 quum

106 998 247 1043 singula
256 999 375 1041 verba,
389 1004 458 1033 tum
475 987 563 1033 ordo
576 1009 754 1032 versuum.
775 996 893 1031 Prima
905 999 1018 1031 sectio

103 1054 300 1097 ῗῐὲῖῐῑῐᾶπῗῑϊῐ
339 1060 557 1103 inscribitur3
604 1061 636 1093 in
670 1058 779 1093 altera
824 1053 1019 1099 (ΞῐπῐῖῐῦῗέΠ)

104 1131 235 1155 versus
260 1120 306 1154 19
332 1121 451 1163 deest,
489 1120 537 1154 20
562 1125 597 1155 et
625 1120 671 1154 21
696 1121 903 1165 transpositi
928 1123 1018 1153 sunt.

106 1180 228 1216 Tertia
251 1184 366 1217 sectio
396 1193 526 1217 versus
555 1182 603 1218 26
635 1182 870 1216 tantummodo
901 1180 1018 1222 habet,

106 1254 209 1288 quum
244 1244 381 1278 duobus
416 1241 465 1278 23
497 1249 532 1278 et
561 1243 609 1277 24
639 1248 772 1285 careat3
808 1254 936 1277 versus
971 1241 1019 1275 25

105 1304 280 1344 (ᾗεῐῆῖπΐ)
306 1310 476 1350 praeterea
499 1310 578 1339 ante
602 1305 650 1339 22
681 1303 771 1343 (ΞΠ-πὶ
792 1312 894 1352 W)
925 1305 1019 1337 inve-

105 1368 207 1401 nitur.
252 1366 361 1401 Sexta
385 1369 498 1401 sectio
531 1361 759 1406 (marrim)
789 1371 885 1399 caret
908 1366 1019 1399 versi-
1050 1401 1051 1407 ¹

104 1428 171 1462 bus
202 1427 248 1462 27
281 1433 316 1463 et
339 1428 403 1471 313
439 1434 517 1462 ante
549 1428 704 1462 ultimum
739 1432 853 1461 autem
888 1437 1018 1460 versus

105 1491 285 1532 inseritur,
305 1501 405 1535 quem
422 1502 440 1524 a
462 1491 622 1526 ῇτῑήςῐτη
644 1490 866 1533 incipientem
880 1487 1018 1521 Bohlen

104 1553 139 1585 in
166 1553 260 1585 notis
284 1563 316 1596 p.
342 1550 413 1584 147
438 1551 595 1593 exhibet3
629 1549 742 1595 eulpae
774 1560 860 1583 vero
891 1549 1020 1582 scribae

104 1612 324 1647 tribuendum
359 1617 437 1654 est,
483 1612 577 1657 quod
615 1612 682 1645 duo
720 1612 942 1656 posteriores
982 1610 1052 1661 li-3

105 1685 181 1708 neae
211 1684 342 1708 versus
378 1674 426 1709 26
461 1678 496 1708 et
529 1675 670 1718 priores
707 1673 776 1706 duo
809 1682 939 1706 versus
971 1671 1020 1705 28
1050 1693 1052 1716 2

105 1735 243 1770 desunt.

195 1957 495 2004 Crutabodha,
542 1956 931 2003 Kavyadandrikzi,

407 2019 714 2054 Padzinkaduta

381 2080 470 2119 (olim
503 2082 565 2110 sine
599 2081 747 2118 numero.)

208 2163 331 2198 Codex
368 2165 503 2199 duabus
537 2165 720 2210 partibus,
764 2163 884 2198 eadem
919 2174 1019 2196 manu

105 2227 283 2270 scriptura
304 2224 496 2270 Bengalica
529 2228 701 2268 exaratis,
736 2230 892 2267 constat,
938 2235 1020 2270 qua-

107 2298 181 2321 rum
212 2285 295 2320 folia
324 2286 454 2320 chartae
485 2286 689 2333 Bengalieae
719 2287 903 2321 duodenos
934 2286 1019 2330 digi-

106 2353 163 2382 tos
187 2347 293 2392 longa
321 2352 412 2381 sunt.
510 2384 512 2386 ,

208 2408 317 2443 Prior
331 2419 413 2453 pars
434 2411 589 2444 continet
604 2415 752 2455 quatuor
771 2408 866 2443 soliis
881 2419 1020 2442 carmen

107 2471 150 2504 de
162 2480 202 2504 re
215 2471 359 2503 metrica
383 2468 621 2516 ςῖνιιέαόοιὶἦα
640 2472 856 2515 inscriptum,
876 2474 1020 2504 auctore

107 2530 274 2565 Kalidaisa
306 2528 946 2580 (ῆῆτππξτῑτηῖηῑιτιτῐτέτζπεξῑτξπεῖτηι
979 2540 1020 2565 ετ-

105 2599 226 2634 mo,
258 2592 350 2637 quod
374 2591 539 2625 versibus
563 2590 610 2625 39
635 2591 839 2625 absolvitur.

209 2653 249 2687 Iu
272 2652 379 2687 altera
403 2657 512 2698 parte,
537 2663 614 2697 quae
638 2652 805 2685 tredecim
829 2651 912 2686 solia
935 2662 1020 2685 con-

108 2716 210 2757 tinet,
247 2715 316 2749 duo
345 2716 464 2748 insunt
491 2713 620 2755 libelli,
652 2724 798 2758 quorum
834 2714 931 2758 prior
965 2717 1021 2746 est

108 2774 444 2822 Ka'vya-eandrilca'
473 2780 616 2811 auctore
647 2773 915 2818 Nyaya-vagiea
949 2771 1022 2812 [sfr-
1050 2820 1052 2822 q

514 632 660 677 paginae
690 637 876 677 quaternas
907 631 1019 665 lineas
1051 625 1052 650 ἶ

1025 155 1078 200 13

1051 325 1190 378 ἶῖῖζῐςτ),
1220 338 1332 372 quem,
1357 327 1415 361 sol.
1430 327 1462 361 9.
1478 340 1504 362 r.
1529 328 1550 362 l.
1565 334 1588 360 3.
1615 329 1756 372 finitum,
1789 332 1918 376 excipit
1937 330 1985 366 al-

1052 395 1053 432 }
1073 392 1127 421 ter
1151 386 1580 433 K722s21a-padanha-detta
1609 389 1983 442 (ῆῆῑξῑππζῗῖπιῑᾶῑππὰ)

1051 444 1053 501 '³
1075 450 1296 494 inscriptum,
1321 450 1378 494 qui
1402 448 1451 483 44
1474 451 1638 485 versibus
1663 451 1867 487 absolvitur.

1471 595 1580 652 XXI.

1182 715 1518 761 Qi=ngziratilaka
1548 721 1582 750 et
1613 717 1877 762 Meghaddta

1354 776 1442 814 [olim
1466 778 1528 805 sine
1551 778 1698 816 numero.)

1174 874 1296 909 Codex
1321 876 1454 910 duabus
1478 878 1635 922 partibus
1659 884 1815 921 constat,
1840 892 1982 926 quarum

1072 936 1166 978 solia,
1191 935 1321 970 chartae
1343 936 1489 980 anglicae
1508 949 1631 972 annum
1654 939 1751 973 1826
1767 943 1869 985 signo
1886 941 1984 976 char-

1071 999 1149 1031 tarii
1173 999 1385 1042 impressum
1409 997 1618 1041 exhibentis,
1646 1001 1828 1036 duodenos
1853 1003 1983 1047 digitos

1073 1057 1177 1102 longa
1216 1063 1250 1091 et
1294 1059 1470 1103 scriptura
1505 1058 1696 1103 Bengalica
1730 1063 1849 1096 eadem
1882 1075 1983 1098 manu

1073 1125 1215 1153 exarata
1238 1124 1330 1153 sunt.

1174 1180 1296 1214 Altera
1311 1192 1391 1225 pars
1413 1182 1568 1215 continet
1586 1182 1698 1216 tribus
1714 1182 1809 1217 foliis
1832 1195 1983 1227 carmen,

1050 1233 1051 1237 ¹
1079 1241 1394 1290 §finyarcc-tz‘lalsa
1417 1240 1638 1290 (szrr'erffl)
1663 1245 1878 1289 inscriptum,
1904 1257 1984 1280 auc-

1072 1308 1150 1337 tore
1172 1302 1360 1345 Kailidzisa,
1393 1304 1485 1349 quod
1509 1304 1675 1339 versibus
1706 1305 1753 1338 23
1778 1306 1983 1341 absolvitur.

1175 1364 1298 1398 Altera
1318 1376 1400 1410 pars
1422 1367 1576 1399 continet
1595 1367 1762 1400 tredecim
1782 1366 1877 1401 foliis
1892 1369 1985 1412 ejus-

1073 1426 1148 1459 dem
1178 1431 1294 1471 poetae
1327 1437 1466 1460 carmen
1500 1429 1720 1461 notissimum
1753 1426 1985 1473 Meqhmlzzta

1050 1525 1051 1543 ἢ
1073 1489 1288 1532 inscriptum,
1313 1488 1405 1532 quod
1429 1489 1462 1521 in
1487 1488 1610 1522 codice
1634 1494 1758 1523 nostro
1780 1488 1850 1523 117
1872 1492 1985 1525 versi-

1072 1549 1137 1582 bus
1162 1547 1367 1583 absolvitur.

1206 1770 1479 1806 Mallinzithae
1514 1776 1850 1809 commentarius

1277 1832 1364 1870 (olim
1384 1834 1438 1860 No.
1461 1833 1511 1863 40.
1535 1835 1646 1861 collect.
1670 1835 1776 1873 Rask.)

1174 1915 1298 1950 Codex
1322 1916 1455 1950 duabus
1480 1917 1636 1962 partibus
1660 1923 1816 1960 constat,
1841 1931 1983 1964 quarum

1073 1979 1170 2023 prior
1193 1976 1277 2011 folia
1301 1976 1348 2012 33
1372 1977 1560 2022 palmarum
1585 1978 1705 2020 habet,
1740 1985 1910 2025 septenos
1935 1982 1985 2016 di-

1072 2041 1167 2084 gitos
1205 2038 1310 2084 longa
1345 2044 1380 2073 et
1422 2038 1535 2073 literis
1577 2038 1782 2085 Telinganis
1823 2048 1982 2085 exarata;

1073 2099 1156 2134 folla
1179 2101 1334 2134 numeris
1359 2099 1564 2145 Telinganis
1597 2100 1690 2135 1-32
1721 2104 1877 2147 signata,
1915 2104 1983 2138 duo

1073 2163 1162 2195 enim
1186 2161 1333 2195 eundem
1358 2173 1534 2196 numerum
1560 2162 1606 2195 12
1635 2163 1813 2206 exliibent3
1848 2166 1983 2209 paginae

1072 2233 1179 2257 senas
1216 2227 1273 2256 aut
1311 2227 1477 2267 septenas
1512 2223 1623 2257 lineas
1660 2223 1794 2258 habent.
1861 2224 1983 2258 Altera

1072 2295 1154 2329 pars
1178 2284 1346 2318 tredecim
1370 2284 1543 2328 ejusmodi
1568 2283 1662 2318 soliis
1694 2284 1810 2326 (1-13)
1833 2291 1981 2319 constat.

1174 2344 1297 2378 Codex
1319 2346 1474 2379 continet
1493 2345 1578 2378 duas
1599 2346 1738 2389 priores
1758 2351 1875 2389 partes
1889 2356 1982 2380 com—

1073 2407 1230 2440 mentarii
1274 2402 1559 2446 ζ’ᾗῖτέῐῖᾙτεᾝῐζέῑῐτ),
1595 2415 1695 2450 quem
1720 2405 1925 2441 Mallinzitha
1948 2409 1982 2441 in

1072 2478 1210 2502 carmen
1238 2466 1436 2507 Kzssidzisae,
1459 2464 1693 2511 Meqlzadcita
1717 2466 1863 2509 dictum,
1888 2479 1981 2502 eom-

1072 2530 1200 2574 posuit.
1265 2527 1373 2561 Prior
1406 2537 1489 2571 pars
1521 2526 1636 2560 finitur
1665 2527 1815 2562 disticho
1840 2528 1887 2562 65
1911 2531 1982 2564 edi-

1072 2591 1178 2623 tionis
1212 2587 1469 2629 VVilsonianae‚
1505 2587 1596 2632 quod
1631 2589 1665 2621 in
1700 2594 1824 2623 nostro
1858 2591 1982 2626 codice

1072 2649 1118 2684 67
1144 2654 1210 2691 est,
1236 2660 1338 2694 quum
1354 2647 1491 2682 duobus
1511 2647 1590 2693 plus
1614 2648 1747 2684 habeat.
1792 2649 1982 2687 Posterior

1073 2721 1155 2756 pars
1185 2711 1219 2743 in
1252 2708 1402 2743 disticho
1433 2708 1479 2746 73
1507 2709 1596 2754 apud
1626 2710 1830 2746 Wilsonem
1855 2712 1979 2748 finitur.

1073 2771 1180 2806 Liber
1202 2772 1309 2816 igitur
1330 2780 1474 2804 maneus
1498 2775 1563 2810 est.
