2342 3089
848 722 920 792 ll.

789 1046 822 1099 1.

625 1154 987 1199 Skanda-pumina

627 1216 661 1251 [e
684 1217 793 1244 collect.
819 1215 990 1253 Fuglsang.)

459 1299 580 1332 Codex
605 1309 764 1339 mancus,
800 1304 836 1332 ut
860 1310 948 1333 nunc
974 1304 1046 1341 est,
1082 1298 1165 1333 solia
1188 1297 1260 1332 247

358 1362 542 1407 palmarum
568 1360 764 1401 continens,
789 1371 867 1405 quae
890 1362 1044 1394 numeris
1070 1359 1261 1393 Tamulicis
1283 1379 1285 1400 ξ

356 1422 468 1456 4-250
498 1423 649 1466 signata,
687 1425 721 1454 et
756 1421 885 1465 digitos
919 1423 1045 1466 quinos
1083 1421 1193 1454 denos
1228 1425 1261 1454 et

357 1484 528 1517 dimidium
572 1481 675 1525 longa
712 1487 803 1515 sunt.
878 1481 1022 1527 Paginae
1058 1481 1261 1527 plerumque

358 1556 462 1579 senas
487 1543 598 1577 lineas
621 1541 757 1576 liabent.

458 1604 583 1645 Liber,
621 1603 835 1648 qui‘codice
858 1605 1076 1646 continetur,
1118 1608 1191 1644 est,
1226 1608 1261 1636 ut

358 1667 511 1706 videtur,
551 1663 707 1698 ledlm
715 1684 727 1689 -
736 1663 887 1707 ΙῐΙιαῃςΙα
910 1663 1064 1698 Skanda
1072 1685 1085 1690 -
1092 1664 1262 1709 pur-(ipre,

359 1738 377 1760 e
411 1726 526 1771 lingua
555 1724 738 1759 Sanscrita
762 1727 796 1759 in
820 1724 1033 1760 Tamulicam
1062 1736 1191 1759 versus
1208 1727 1261 1769 iffi

360 1788 459 1821 deest
482 1797 567 1820 vero
595 1786 729 1828 titulus,
755 1797 857 1832 quum
881 1785 970 1820 liber
993 1791 1028 1820 et
1051 1788 1085 1820 in
1108 1788 1206 1820 initio
1230 1791 1264 1820 et

362 1851 393 1881 in
416 1848 482 1881 fine
506 1858 647 1881 mancus
678 1849 741 1891 sit3
783 1852 954 1893 praeterea
984 1847 1184 1893 complures
1216 1847 1263 1881 la-

363 1919 460 1942 cunae
485 1913 563 1942 sunt
590 1910 620 1941 in
645 1909 757 1942 medio
782 1907 882 1942 libro.

786 2021 839 2076 ll.

602 2129 1022 2174 Mtirkanda-purzina

641 2190 727 2226 (olim
750 2191 811 2218 sinc
834 2191 983 2227 numero.)

463 2272 583 2305 Codex
609 2272 698 2306 haud
721 2284 866 2315 recens,
896 2274 1062 2307 tredecim
1086 2273 1168 2307 solia
1193 2273 1263 2319 pal-

363 2343 490 2365 marum
527 2335 726 2375 continens,
765 2334 947 2368 duodenos
980 2334 1110 2378 digitos
1142 2334 1261 2379 longa3

364 2403 506 2435 quorum
539 2394 682 2436 primum
716 2405 859 2428 numero
896 2399 1008 2436 caret,
1042 2401 1169 2429 caetera
1203 2407 1263 2428 nu-

366 2453 469 2484 meris
490 2451 678 2487 'l'ainulicis
706 2454 789 2487 1-1‘2.
813 2457 949 2499 signata
973 2461 1063 2490 sunt.

368 2511 488 2551 quinus
513 2510 622 2545 lincas
645 2513 779 2547 habent.

470 2568 599 2603 Codice
637 2576 832 2608 continetur
872 2576 1001 2608 initium
1040 2575 1119 2609 libri
1160 2574 1263 2609 Matr-

370 2626 678 2671 Ιῑαῃςία-ῃηνιέῃαε,
701 2643 720 2665 e
744 2633 859 2678 lingua
882 2634 1062 2669 Sanscrita
1085 2637 1191 2669 versi.

1118 2455 1263 2500 Pagiuae

453 2745 482 2782 *)
506 2751 551 2776 cfr.
579 2753 720 2779 Mai-kenne
744 2757 882 2784 collection,
906 2761 953 2787 vol.
979 2762 1000 2786 1.
1023 2771 1045 2798 p.
1072 2761 1126 2787 165,

1009 722 1317 794 CODICES
1363 721 1730 795 TAMULIOE.

1732 1044 1806 1099 ΙΙΙ.

1506 1153 2029 1188 Pansa-tandira-kkadai

1588 1214 1621 1252 (e
1644 1216 1752 1242 collect.
1777 1214 1950 1251 Fuglsang.)

1417 1298 1539 1333 Codex
1574 1297 1657 1331 solia
1693 1296 1763 1330 167
1799 1297 1986 1343 palmarum
2019 1298 2221 1338 continens,

1315 1366 1483 1406 septenos
1509 1360 1619 1393 denos
1644 1359 1774 1403 digitos
1797 1358 1902 1404 longa
1926 1364 1960 1393 et
1983 1359 2136 1393 numeris
2155 1356 2222 1392 Ta-

1711 1419 1878 1464 Paginae‚
1926 1419 2071 1465 pulchra
2111 1420 2223 1464 scrip-

1314 1488 1390 1516 tura
1432 1487 1604 1523 exaratae,
1646 1480 1849 1526 plerumque
1891 1485 2076 1525 quaternas
2111 1479 2222 1514 lineas

1314 1542 1449 1576 habeut.

1314 1421 1452 1455 mulicis
1493 1422 1639 1465 signata.

1416 1602 1523 1636 Liber
1557 1601 2031 1643 Pa‘r‘esa-tmzdira-lskmlai,
2073 1603 2130 1647 qui
2164 1612 2223 1635 co-

1317 1664 1392 1698 dice
1429 1665 1644 1705 continetur,
1682 1662 1861 1696 Taniulica
1898 1664 2137 1707 interpretatio
2167 1667 2223 1696 est

1316 1725 1393 1759 libri
1428 1724 1601 1758 Snn'scriti
1631 1725 1822 1765 notissimi,
1861 1725 1916 1769 qui
1942 1722 2222 1758 Panc'a-tcmtra

1316 1786 1525 1820 inscribitur.
1591 1785 1729 1819 Nomen
1763 1785 1964 1829 interpretis
1996 1795 2064 1818 non
2096 1788 2220 1818 exstat.

1316 1847 1544 1891 (Mackenzie
1585 1845 1722 1880 collect.
1764 1845 1794 1878 l.
1836 1857 1867 1890 p.
1909 1845 2014 1888 221.)
2079 1844 2221 1879 Librum

1317 1907 1455 1942 Gallice
1478 1918 1620 1941 versum
1645 1907 1749 1940 edidit
1774 1906 1880 1940 abbas
1904 1906 2056 1940 Dubois.

1731 2053 1803 2107 lv,

1490 2173 2040 2208 Vikkiramzidittiin-kadai

1576 2234 1623 2271 [e
1643 2235 1752 2262 collect.
1776 2232 1949 2269 Fuglsamg.)

1419 2333 1540 2367 Codex
1582 2333 1663 2367 solia
1704 2332 1752 2366 89
1793 2332 1980 2377 palmarum
2017 2334 2220 2375 continens,

1317 2394 1579 2428 duodevicenos
1608 2395 1738 2438 digitos
1762 2393 1885 2438 longa,
1916 2404 2058 2438 quarum
2082 2395 2221 2438 triginta

1316 2457 1424 2500 prima
1461 2454 1560 2488 valde
1595 2466 1613 2488 a
1645 2455 1822 2488 vermibus
1859 2455 1965 2488 adesa
2000 2459 2090 2488 sunt.
2155 2453 2222 2488 Pa-

1316 2518 1407 2561 ginae
1431 2515 1632 2560 plerumque
1657 2527 1763 2549 senas
1787 2515 1897 2549 lineas
1918 2515 2051 2549 liabent.

1416 2575 1523 2610 Liber
1555 2575 2036 2610 Vilelcircmutdittc‘tn—lcadaz·
2064 2577 2141 2609 sive
2170 2575 2219 2608 lii-

1316 2639 1427 2671 storia
1455 2637 1728 2681 Vikramzidityae
1751 2638 1866 2680 regis,
1901 2641 1956 2671 est
1979 2638 2218 2680 interpretatio

1318 2696 1497 2731 'l'amulica
1520 2697 1691 2731 Sanscriti
1716 2697 1805 2738 libri,
1831 2699 1886 2741 qui
1902 2695 2219 2739 Se'nba'sana-tlcd-

1316 2759 1469 2800 trinsati
1492 2757 1701 2791 inscribitur.
