2342 3089
1842 157 1910 199 ΙΧ

51 301 84 330 et
107 294 242 329 Palicis
267 293 542 336 conscripserat,
567 292 693 332 sponte
719 284 853 325 obtulit,
879 290 911 317 et
936 285 992 328 qui
1019 285 1141 326 postca
1166 280 1231 313 hoc
1257 288 1344 312 anno
1370 285 1502 309 mecum
1527 283 1648 307 omnes
1669 271 1750 305 illos
1772 268 1916 303 codices

51 370 175 402 iterum
201 368 445 411 perscrutatus
470 368 541 396 est:
580 364 793 406 quapropter
823 359 853 390 si
887 355 967 401 quid
992 356 1024 387 in
1051 353 1113 386 hac
1139 352 1215 385 libri
1241 356 1337 396 parte
1362 349 1556 382 invenietur
1581 343 1803 383 laudandum,
1840 342 1917 385 ejus

52 439 164 474 laudis
189 449 257 472 non
281 438 450 470 minorem
474 439 606 480 partem
631 434 663 466 ei
688 429 839 465 adscribi
865 427 973 462 volo«
1014 425 1159 459 Tertius
1180 430 1235 458 est
1250 426 1303 457 vir
1322 419 1409 467 mihi'>
1423 419 1659 453 amicissimus
1685 415 1728 450 K.
1744 413 1787 448 E.
1801 411 1920 451 Mam,

53 513 109 557 qui
135 522 237 556 quum
263 511 297 543 in
321 508 406 542 urbe
431 506 637 541 'srankebar
661 513 842 537 sacrorum
869 502 1027 534 minister
1051 503 1085 532 et
1109 498 1355 530 missionarius
1381 497 1497 529 essen
1536 490 1712 523 literarum
1737 491 1771 520 et
1796 485 1921 528 linguae

53 582 244 617 Tamulicae
269 583 314 615 ita
338 581 476 614 deditus
502 584 592 618 erat,
627 582 662 610 ut
685 576 787 619 hujiis
813 569 940 617 lingum
960 571 1196 616 peritissimus
1223 571 1254 602 in
1281 569 1422 613 patriam
1448 567 1701 598 reverteretur:
1733 561 1763 592 is
1789 568 1920 591 mecum

53 666 175 690 omnes
200 654 345 688 codices
370 652 573 687 'Famulicos
598 660 700 694 quum
727 645 948 680 bibliothecae
973 645 1081 688 regiae
1105 648 1174 676 tum
1197 640 1438 675 universitatis
1452 635 1665 670 Havniensis
1686 630 1921 677 perlustravit,

57 729 159 772 eique
184 736 282 771 paene
307 727 421 759 onmia
445 724 574 764 debeo7
600 733 677 767 quae
701 720 743 753 de
767 718 821 752 his
846 717 1028 751 codicibus
1053 720 1213 749 annotata
1237 718 1327 747 sunt.

257 798 305 832 Ut
328 799 392 831 viri
418 797 595 830 literarum
622 793 813 826 Indicarum
839 790 990 824 studiosi
1026 799 1095 822 uno
1125 787 1206 821 loco
1236 785 1386 819 collecta
1422 782 1586 815 haberent
1612 779 1743 817 omnia,
1782 786 1858 820 quae
1883 773 1923 807 ad

56 871 331 917 cognoscendos
361 870 506 904 codices
531 867 684 906 Indicos,
710 866 765 909 qui
792 865 824 896 in
850 861 1073 895 bibliothecis
1098 857 1357 892 Havniensibus
1383 858 1623 892 asservantur,
1648 851 1838 896 pertinent,
1864 857 1925 880 rex

56 946 331 990 augustissimus
363 941 509 975 indicem
534 939 698 983 subjungi
730 935 840 969 voluit
865 934 1023 967 codicum
1058 929 1280 964 bibliotheca»
1313 927 1553 961 universitatis
1584 923 1814 961 Havniensis3
1851 930 1927 964 quae

57 1016 269 1052 bibliotheca
290 1016 437 1059 copiam,
463 1023 563 1057 quam
588 1009 760 1055 possidet,
786 1006 944 1040 codicum
969 1003 1166 1037 Indicorum
1193 1006 1226 1034 et
1250 1000 1462 1033 Iranicorum
1489 997 1626 1030 duobus
1651 996 1807 1039 inprimis
1828 993 1927 1027 debet

61 1091 147 1124 viris
172 1087 390 1122 doctissimis
416 1083 648 1118 Nathanaeli
677 1078 836 1116 Jl'allich
861 1084 893 1112 ct
918 1075 1079 1111 Erasmo
1109 1072 1223 1107 Rash.
1290 1070 1449 1114 Quorum
1481 1070 1594 1114 prior,
1629 1076 1831 1112 quamquam
1862 1076 1929 1098 am-

60 1162 221 1208 plissimo
247 1159 336 1206 apud
360 1164 506 1192 exteros
532 1165 675 1190 munere
700 1152 923 1197 fungebatur,
949 1150 1092 1194 patriam
1117 1152 1228 1180 tamen
1253 1150 1287 1178 et
1312 1144 1592 1181 universitatem,
1628 1142 1661 1173 in
1691 1150 1757 1184 qua
1781 1140 1930 1171 nutritus

60 1241 146 1277 erat,
171 1243 312 1278 semper
328 1233 384 1277 pia
408 1231 573 1264 memoria
598 1227 718 1268 coluit,
744 1234 916 1270 quumque
942 1221 1111 1255 Caleuttae
1133 1219 1236 1253 horto
1261 1218 1424 1251 botanico
1444 1214 1631 1260 praefectus
1654 1217 1765 1253 esset,
1789 1211 1933 1255 egregia

61 1306 272 1342 liberalitate
298 1304 535 1338 Calc-uttensis
561 1300 703 1344 collegii
729 1304 763 1332 et
787 1297 971 1331 societatis
998 1294 1166 1328 Asiaticae
1189 1291 1340 1335 adjutus,
1365 1299 1519 1332 maguam
1546 1287 1680 1331 copiam
1710 1283 1876 1317 librorum
1901 1287 1935 1315 et

62 1381 223 1415 codicum
256 1377 454 1411 Indicorum
484 1374 726 1409 univcrsitatis
762 1376 893 1405 nostrae
924 1362 1034 1413 gratia
1059 1366 1193 1412 paravit
1222 1373 1366 1408 eamque
1403 1372 1421 1395 e
1450 1372 1513 1394 sua
1539 1359 1705 1393 librorum
1739 1367 1830 1401 penu
1853 1365 1934 1399 sup-

64 1452 174 1498 plevit
201 1456 234 1485 et
268 1452 402 1495 saepius
441 1450 543 1482 novis
579 1447 681 1481 donis
721 1434 951 1489 amplificavit.
1016 1438 1173 1474 Raskius
1209 1447 1311 1482 quum
1348 1436 1381 1468 in
1409 1433 1495 1468 urbe
1528 1432 1687 1474 Bombay
1718 1439 1806 1463 anuo
1839 1426 1932 1460 1821

65 1524 280 1566 morabatur,
318 1522 476 1556 mandatu
511 1520 776 1558 universitatis,
814 1526 969 1559 magnam
999 1512 1159 1546 codicum
1189 1510 1404 1543 lranicorum
1435 1507 1569 1549 copiam
1602 1503 1832 1547 comparavit,
1871 1511 1936 1544 qua

66 1598 141 1632 baec
164 1595 376 1630 bibliotheca
400 1599 548 1628 caeteras
573 1590 767 1631 antecellit,
799 1591 892 1622 sicut
911 1589 981 1632 jam
1005 1584 1137 1630 pridem
1163 1583 1330 1616 thesauro
1356 1580 1515 1613 codicum
1550 1575 1803 1610 islandicorum
1833 1572 1937 1617 longe

67 1669 314 1710 antecellebat3
352 1670 385 1701 in
415 1678 456 1701 ea
486 1677 577 1700 nunc
607 1669 748 1699 exstant
778 1662 922 1696 codices
953 1658 1096 1693 Zandici
1127 1661 1161 1690 et
1190 1653 1370 1695 Pfflssvtct,
1410 1651 1537 1697 quibus
1577 1632 1689 1693 neque
1722 1647 1939 1680 vetustiores

68 1753 180 1789 neque
204 1741 371 1776 meliores
396 1742 430 1773 in
454 1739 549 1772 India
573 1742 607 1783 et
631 1736 770 1778 Persia,
795 1734 919 1769 nedum
945 1734 978 1766 in
998 1731 1138 1765 caeteris
1162 1729 1269 1762 terris
1294 1727 1521 1759 inveniantur.
1581 1720 1738 1756 Raskius
1771 1724 1941 1764 praeterea

71 1827 114 1850 ex
138 1815 233 1848 ludia
256 1814 415 1848 codicem
435 1811 642 1845 Bhattanum
665 1807 776 1842 attulit
798 1812 831 1841 et.
848 1805 1070 1840 bibliothecae
1093 1803 1184 1836 dono
1205 1799 1354 1833 tradidit.
1410 1795 1597 1831 Laudanda
1620 1803 1759 1839 quoque
1780 1796 1835 1825 est
1858 1790 1942 1824 libe-

71 1887 202 1929 ramas,
228 1898 294 1932 qua
317 1891 391 1920 tres
411 1886 476 1918 viri
499 1883 704 1928 amplissimi
725 1880 760 1915 J.
785 1878 956 1925 Hehliaeeq,
980 1876 1061 1911 olim
1078 1875 1154 1909 urbi
1175 1871 1380 1907 Trankebar
1401 1868 1602 1915 praefectus,
1626 1866 1669 1900 A.
1685 1866 1722 1899 C.
1739 1865 1939 1903 Teilmann,

72 1962 293 1995 venationum
317 1961 351 1992 in
374 1957 453 1992 aula
476 1957 663 2001 magister,
693 1953 747 1987 M.
773 1952 816 1986 H.
843 1949 1095 1995 Iloloelenberq,
1124 1947 1205 1981 olim
1229 1943 1421 1988 theologiae
1445 1940 1631 1987 professor
1655 1941 1689 1973 in
1713 1940 1941 1972 universitate

72 2038 212 2074 nostra,
255 2030 500 2066 bibliothecam
539 2033 620 2062 octo
651 2026 834 2060 codicibus
865 2022 1058 2057 Tamulicis
1094 2021 1236 2064 majoris
1266 2018 1458 2051 minorisve
1488 2014 1651 2047 momenti
1681 2011 1848 2051 ditarunt,
1886 2010 1944 2054 qui

74 2107 152 2139 suis
180 2105 271 2138 locis
302 2103 566 2140 commemorati
592 2105 683 2134 sunt.
749 2097 878 2131 Caeteri
909 2095 1053 2129 codices
1080 2093 1189 2126 Indici
1221 2091 1365 2125 incertis
1394 2086 1612 2132 temporibus
1644 2087 1677 2118 in
1701 2081 1944 2117 bibliothecam

76 2181 322 2223 pervenerunt.

279 2247 358 2282 «lam
379 2248 510 2293 pridem
531 2251 635 2280 notus
656 2249 691 2278 et
713 2255 732 2278 a
756 2244 871 2277 doctis
894 2239 1094 2275 hominibus
1119 2237 1319 2272 celebratus
1345 2238 1401 2268 est
1425 2242 1546 2277 regum
1569 2230 1695 2264 Daniae
1719 2238 1804 2272 erga
1832 2226 1946 2260 studia

79 2320 275 2357 Orientalia
299 2320 397 2354 favor
421 2324 455 2352 et
478 2317 670 2352 liberalitas
695 2326 838 2350 summa.
892 2314 980 2358 Ejus
1004 2311 1137 2346 favoris
1161 2310 1218 2344 hic
1242 2309 1331 2343 llber
1361 2316 1488 2340 novum
1514 2304 1755 2337 documentum
1780 2304 1852 2339 θεῖς
1890 2299 1945 2342 qui

79 2398 112 2430 si
134 2406 152 2429 a
171 2395 259 2428 viris
278 2392 394 2426 doctis
416 2402 551 2425 summo
571 2390 639 2424 hoc
657 2389 778 2424 favore
799 2398 868 2422 non
888 2386 1051 2430 indignus
1071 2384 1248 2429 judicatus
1268 2380 1388 2420 fuerit,
1417 2377 1508 2423 quod
1533 2374 1640 2415 volui,
1666 2376 1854 2407 assecutus
1875 2380 1947 2403 ero.

184 2493 342 2529 Havm'oe
366 2491 399 2526 d.
426 2490 508 2525 XII
533 2502 576 2524 m.
602 2489 697 2524 Nov.
723 2485 978 2523 MDCCCXL
991 2484 1055 2519 Vl.

1313 2576 1371 2610 Ν.
1399 2576 1457 2608 L.
1491 2570 1842 2612 Πτειενραανα.
