2342 3089
1249 114 1307 188 84

455 267 575 304 Liber,
607 253 930 295 Isamlava-lmdai
952 254 1162 297 inscriptus,
1195 252 1252 296 qui

357 332 389 362 in
409 326 530 359 codice
551 325 651 361 inest,
672 318 823 352 continet
844 315 1074 348 narrationem
1095 312 1137 345 de
1152 311 1253 345 Kusa

357 393 389 420 et
416 384 508 418 Lava
533 381 612 415 filiis
636 380 754 413 Ramae
782 380 816 409 et
839 374 941 415 Sitae,
976 384 996 407 e
1026 372 1143 416 lingua
1166 371 1253 405 San-
1282 370 1284 390 ¹

927 432 1013 478 (Cfr.
1046 432 1253 466 Mackenzie
1283 434 1284 443 ¹

355 447 460 480 scrita
483 445 559 476 sine
590 440 693 473 dubio
717 446 866 471 versam.

354 505 487 539 collect.
514 503 544 535 1.
569 514 600 546 p.
625 497 724 541 213.)

748 608 854 663 m.

560 704 1037 743 Kanaka-sabai-malai

452 802 573 835 Codex
596 800 684 834 haud
708 808 853 839 recens,
889 796 971 830 solia
994 794 1040 829 ‘27
1066 794 1253 840 palmarum

352 865 552 903 continens,
586 861 825 895 undevicenos
856 858 985 902 digitos
1014 848 1127 901 longa.
1186 854 1254 889 Pa-

352 926 461 969 ginae,
495 923 570 956 rudi
595 923 770 966 scriptura
794 924 965 960 exaratae,
998 922 1184 963 quaternas
1219 915 1255 949 li-

351 996 434 1018 neas
458 984 592 1018 liabent.

450 1045 487 1078 In
524 1045 634 1086 libro,
672 1044 728 1088 qui
763 1041 886 1075 codice
915 1042 1130 1080 continetur,
1164 1040 1255 1072 inest

352 1108 500 1140 narratio
542 1106 584 1139 de
613 1102 742 1148 templo
778 1100 1062 1136 Kcmalca-sabai
1095 1101 1186 1134 dicto
1222 1104 1255 1133 et.

351 1169 383 1200 in
408 1167 492 1201 urhe
516 1166 718 1200 Sidambara
742 1165 822 1198 sito.

753 1276 880 1331 ml.

603 1386 1001 1432 Kapilai-vasagam

620 1450 653 1486 (e
677 1449 786 1475 collect.
812 1446 981 1483 Fugisang.)

452 1532 573 1567 Codex
585 1531 667 1566 solia
682 1531 895 1576 undeviginti
910 1529 1044 1575 palmea
1059 1530 1254 1570 continens,

355 1595 463 1628 denos
493 1595 621 1638 digitos
650 1593 770 1637 longa,
806 1603 952 1637 quorum
981 1592 1116 1635 paginae
1148 1601 1254 1623 senas
1283 1623 1284 1642 ἒ

354 1662 410 1688 aut
433 1661 597 1700 septenas
625 1654 736 1687 lineas
760 1653 896 1687 liabent.
958 1652 1081 1686 Codiei
1106 1651 1253 1685 alienum

356 1716 471 1750 folium
496 1717 721 1760 praepositum
746 1719 811 1748 est.

455 1777 491 1810 In
526 1777 648 1810 codice
685 1778 775 1809 inest
810 1786 950 1809 carmen
979 1774 1256 1820 Rupilia-misu-

359 2021 479 2053 kenzie
503 2020 637 2054 collect.
663 2021 694 2054 l.
718 2032 749 2065 p.
774 2019 875 2065 217.)

1284 508 1285 513 =
1309 502 1438 525 marum
1481 493 1664 525 continens
1679 517 1688 532 ,

1284 1422 1286 1436 l
1308 1417 1425 1450 parvae
1449 1405 1581 1439 lacunae
1610 1404 1665 1438 hic
1695 1411 1728 1437 et
1760 1403 1831 1437 illic
1855 1408 2002 1437 exstant.

1284 1498 1286 1508 ,
1307 1466 1511 1512 plerumque
1535 1476 1641 1499 senas
1666 1464 1776 1498 lineas
1809 1464 1943 1498 liabent.

354 1850 456 1883 qam,
494 1841 525 1871 in
555 1849 622 1883 quo
652 1848 775 1878 vacca,
811 1841 847 1870 ut
876 1837 1048 1870 dominum
1079 1840 1255 1876 servaret,
1285 1827 1286 1856 ἶ
1334 1834 1367 1867 ⁶2.

356 1902 436 1944 tigri
459 1911 498 1933 se
523 1900 731 1940 devovisse,
763 1898 804 1931 ab
829 1908 872 1931 eo
895 1908 981 1931 vero
1006 1902 1042 1931 ut
1065 1896 1162 1930 salva
1187 1897 1257 1930 dis-
1285 1905 1286 1939 g

358 1960 516 1998 cederet,
549 1962 682 1993 veniam
711 1961 919 2004 impetrasse
946 1959 1100 1992 traditur.
1143 1958 1257 2003 (Mac-
1285 1958 1287 1970 ³

729 2133 877 2188 ssiu.

609 2241 1006 2287 Kapilai-vzisagam

628 2303 660 2340 [c
683 2305 789 2333 collect.
816 2304 983 2338 Fuglsang.)

459 2384 579 2418 Codex
602 2385 683 2420 solia
706 2388 827 2431 viginti
851 2386 1036 2432 palmarum
1061 2388 1255 2428 continens,

361 2454 467 2477 senos
491 2445 618 2489 digitos
639 2446 753 2491 longa,
778 2459 922 2493 quorum
946 2449 1080 2492 paginae
1101 2458 1255 2481 novenas

362 2508 417 2535 aut
440 2504 543 2537 denas
568 2505 674 2541 lineas
698 2508 832 2542 habent.

461 2563 588 2597 Codice
617 2570 830 2610 continetur,
867 2568 984 2603 soluta
1015 2570 1173 2602 oratione
1197 2560 1281 2601 ex-⁴

363 2623 487 2664 posita,
511 2624 626 2657 eadem
647 2627 688 2659 de
706 2639 811 2662 vacca
830 2635 864 2663 et
887 2632 966 2674 tigri
991 2631 1154 2671 narratio,
1179 2629 1254 2663 Ku-

1334 2140 1368 2235 :⁵³30

358 2680 639 2727 pilai-zulsafflmc
669 2688 851 2732 inscripta,
882 2702 959 2735 quae
982 2693 1014 2724 in
1039 2691 1161 2725 codice
1185 2690 1253 2724 No.

362 2739 478 2774 XXII.
503 2743 638 2784 signato
664 2745 761 2779 inest.

1680 245 1827 300 mv.

1549 343 1966 386 Anumar-vasagam

1408 430 1529 465 Codex
1554 430 1643 464 haud
1663 441 1802 472 recens,
1826 429 1907 463 solia
1929 429 2122 474 quindecim
2143 429 2212 473 pal-

1733 494 1883 523 octonos
1929 489 2040 524 denos
2082 490 2212 533 digitos

1307 551 1424 596 longa,
1449 562 1595 596 quorum
1619 551 1771 595 paginae,
1794 549 1871 582 rudi
1895 552 2068 595 scriptura
2093 560 2212 583 exara-

1307 617 1368 654 tae,
1398 617 1583 657 quaternas
1608 610 1718 644 lineas
1742 609 1877 643 hahent.

1407 671 1516 706 Liber
1545 670 1922 716 Annmar-vcisayam
1957 671 2121 704 versibus
2156 671 2212 704 de-

1306 733 1430 767 scribit
1459 744 1518 767 res
1551 745 1570 767 a
1601 734 1704 767 simio
1727 730 1899 766 Amtmmz
1922 733 1999 765 sive
2022 731 2213 765 Hanumate

1306 800 1429 839 gestas
1464 794 1540 836 (cfr.
1577 794 1653 828 cod.
1690 792 1760 826 No.
1798 791 1897 826 XVI.
1937 791 2020 833 250.
2076 791 2213 826 Nomen

1307 857 1495 900 scriptoris
1520 866 1589 889 non
1614 858 1740 888 exstat.

1695 941 1822 996 XXV.

1523 1029 1748 1063 Collectio
1772 1030 2000 1063 carminum

1580 1091 1614 1128 (e
1638 1093 1747 1119 collect.
1772 1089 1942 1126 Fuglsang.)

1410 1160 1532 1194 Codex
1556 1170 1720 1202 mancus,
1749 1164 1785 1193 ut
1810 1170 1899 1193 nunc
1923 1164 1994 1200 est,
2026 1157 2108 1192 folia
2146 1158 2213 1192 147

1308 1221 1495 1267 palmarum
1532 1222 1736 1263 continens,
1771 1221 1901 1265 digitos
1939 1222 2065 1264 quinos
2103 1220 2214 1253 denos

1308 1289 1342 1317 et
1374 1283 1549 1316 dimidium
1583 1281 1697 1327 longa.
1764 1281 1906 1315 Desunt
1934 1292 2020 1315 vero
2053 1286 2215 1325 quatuor-

1308 1344 1418 1377 decim
1454 1343 1535 1377 solia
1571 1342 1704 1385 39-52,
1745 1347 1779 1376 et
1810 1347 1981 1387 praeterea
2013 1341 2214 1386 complures

2070 1399 2215 1447 Pagina¹

2004 1464 2057 1497 Ad
2083 1463 2214 1497 calcem

1307 1529 1441 1562 codicis
1466 1528 1533 1561 duo
1559 1526 1669 1560 aliena
1699 1525 1780 1559 solia
1804 1527 2034 1559 inveniuntur.

1410 1589 1550 1630 Codex,
1590 1593 1627 1621 ut
1662 1599 1750 1621 nunc
1787 1591 1858 1628 est,
1900 1588 2052 1620 continet
2086 1585 2214 1619 collec-

1283 1643 1284 1663 ³
1309 1652 1435 1684 tionem
1461 1651 1618 1684 undecim
1643 1650 1846 1687 carminum,
1885 1659 2030 1692 quorum
2062 1646 2149 1680 tituli
2182 1647 2214 1680 lui

1284 1743 1286 1762 ἰ
1308 1717 1402 1745 sunt:

1334 1773 1365 1806 1.
1420 1772 1719 1816 Nattu-ssii·appu.
1766 1769 1824 1804 sol.
1851 1770 1882 1802 1.
1906 1781 1931 1802 r.

1421 1833 1754 1878 Nagara-ssii·appu.
1786 1831 1844 1865 sol.
1871 1831 1927 1864 lo.
1953 1842 1997 1874 r.;
2022 1831 2136 1864 finitur
2156 1830 2212 1863 sol.

1461 1894 1519 1928 38.
1551 1905 1602 1937 v.;
1643 1893 1725 1928 solia
1753 1892 1865 1927 39-52
1891 1893 2033 1934 desunt,
2058 1902 2135 1937 quae
2159 1903 2214 1925 se-

1464 1956 1610 1990 cundum
1646 1955 1793 1989 indicem
1827 1965 1962 1988 carmen
1997 1952 2213 1998 Saliyarim-

1461 2017 1620 2059 Im'mlam
1644 2017 1863 2050 continuisse
1888 2015 2064 2051 videntur:
2101 2019 2133 2046 et
2166 2013 2214 2047 fo-

1461 2078 1542 2112 lium
1566 2078 1614 2111 53
1641 2089 1788 2111 vacuum
1813 2081 1877 2110 est.

1758 2137 1815 2171 fol.
1840 2136 1898 2170 54.
1923 2149 1948 2170 r.

1422 2199 1770 2242 Vafisanai-kandam.
1816 2198 1873 2231 fol.
1900 2197 1958 2231 61.
1986 2209 2010 2230 r.

1424 2259 1847 2305 Mirugavettai-kandam.
1894 2258 1950 2292 fol.
1976 2257 2032 2292 68.
2058 2269 2083 2290 r.

1827 2319 1883 2353 l'ol.
1908 2319 1966 2353 82.
1992 2331 2017 2352 r.

1422 2381 1841 2426 Nagaraningu·kandam.
1889 2381 1945 2415 l'ol.
1972 2380 2028 2415 99.
2054 2392 2078 2413 r.

1421 2443 1680 2486 Kasi-kandam.
1727 2442 1785 2475 sol.
1811 2442 1892 2475 119.
1916 2453 1942 2476 r.

1421 2503 1744 2548 Mayana-kaudam.
1790 2503 1848 2537 sol.
1876 2502 1956 2536 128.
1981 2514 2006 2535 r.

1422 2565 1692 2608 Mitsi-kandam.
1740 2564 1798 2598 sol.
1830 2564 1910 2597 15⁸2.
1936 2575 1967 2596 v.

1420 2626 1705 2669 Uttira-kandam.
1751 2625 1808 2659 sol.
1836 2624 1915 2659 157.
1941 2636 1966 2657 r.

1408 2688 1516 2722 Index
1534 2688 1683 2721 omnium
1703 2688 1889 2720 carminum
1911 2685 1951 2719 ad
1967 2684 2095 2718 calcem
2113 2685 2209 2728 primi

1422 2139 1707 2182 liulira—kaudam.

1421 2321 1779 2363 Suravinai-kandam

1309 2263 1367 2661 :35090719252

1307 2751 1470 2784 carminis
1495 2747 1553 2782 sol.
1578 2748 1610 2782 9.
1634 2759 1665 2781 v.
1691 2752 1815 2782 exstat.
