2342 3089
1071 661 1500 718 PRAEMONITUM.

1198 790 1371 811 wwffluww

362 861 514 944 Quum
538 897 602 929 viri
628 894 844 940 amplissimi,
869 896 925 940 qui
949 906 968 929 a
996 906 1080 940 rege
1104 899 1358 941 augustissimo
1382 908 1498 931 curam
1521 898 1671 943 catalogi
1691 899 1849 932 codicum
1866 897 2089 933 bibliothecae
2109 901 2216 944 regiae

364 968 573 1002 Havniensis
597 968 720 1001 edendi
744 978 869 1012 gerere
894 969 987 1012 jussi
1011 973 1113 1009 sunt,
1150 968 1248 1011 mihi,
1279 974 1314 1003 ut
1349 970 1505 1004 codicum
1542 970 1737 1004 Indicorum
1773 970 1967 1015 catalogum
1999 972 2215 1017 perficerem,

366 1040 596 1082 mandassent,
621 1040 713 1085 quod
732 1040 922 1073 mandatum
942 1045 1027 1082 erat,
1052 1042 1085 1073 in
1104 1040 1171 1074 hoc
1185 1040 1286 1083 libro,
1304 1044 1360 1087 qui
1377 1053 1465 1075 nunc
1486 1044 1518 1075 in
1539 1041 1649 1076 lucem
1670 1042 1793 1083 editur,
1814 1045 1939 1088 exequi
1959 1050 2106 1079 conatus
2126 1055 2214 1079 suni.

560 1111 711 1145 Codices
735 1111 852 1153 Indici,
877 1122 966 1156 quos
990 1113 1151 1157 possidet
1174 1113 1384 1148 bibliotheca
1407 1115 1516 1158 regia,
1540 1120 1668 1159 praeter
1692 1113 1896 1148 Tamulicos
1919 1115 2118 1158 nonnullos,
2144 1127 2215 1150 om-

362 1195 423 1217 nes
453 1185 650 1217 recentiore
679 1188 834 1228 tempore
871 1186 903 1217 in
932 1184 1176 1219 bibliothecam
1211 1191 1461 1230 pervenerunt,
1504 1197 1694 1232 eorumque
1725 1185 1883 1232 plerique
1916 1192 1949 1221 et
1986 1190 2104 1232 optimi
2138 1190 2214 1222 viro

362 1265 495 1289 summo
526 1253 681 1289 Erasmo
708 1254 813 1289 Raslc
843 1256 1026 1299 debentur,
1064 1259 1120 1302 qui
1145 1270 1247 1303 quum
1273 1260 1394 1303 viginti
1419 1260 1569 1303 quinque
1600 1259 1722 1293 abhinc
1753 1269 1862 1292 annos
1887 1258 2062 1293 literarum
2087 1265 2122 1294 et
2154 1260 2215 1294 lin-

361 1338 503 1371 guarum
533 1337 639 1360 causa
669 1329 701 1360 in
734 1327 826 1361 India
854 1330 1157 1373 peregrinabatur,
1199 1342 1242 1365 ex
1272 1332 1409 1365 viaticis
1440 1333 1593 1364 minutim
1622 1332 1818 1376 coniparsis
1848 1331 2041 1376 permultos
2070 1333 2214 1366 codices

366 1401 519 1444 inprimis
534 1398 676 1433 Palicos
700 1399 1000 1444 ctSinghalenses
1026 1404 1249 1447 comparavit,
1276 1384 1421 1448 quorum
1445 1405 1759 1448 praestantissimos
1788 1405 1865 1448 ipse.
1890 1415 1933 1437 ex
1957 1405 2081 1438 itinere
2104 1405 2214 1438 redux

363 1482 449 1505 anno
473 1470 587 1511 1825,
611 1471 824 1516 approbante
847 1476 1100 1517 augustissimo
1124 1485 1210 1520 rege
1233 1474 1454 1509 FREDEmco
1481 1476 1545 1518 Vl,
1570 1475 1792 1509 bibliothecae
1810 1478 1919 1520 regiae
1938 1476 2088 1518 tradidit,
2112 1487 2214 1521 quum

362 1554 423 1587 pro
448 1544 580 1587 magnis
605 1544 799 1588 sumptibus
829 1555 892 1579 sua
923 1557 1029 1580 causa
1054 1546 1155 1580 factis
1184 1547 1387 1592 reipublicae
1410 1547 1538 1592 aliquid
1566 1547 1711 1581 retribui
1736 1546 1853 1581 vellet.
1918 1547 2099 1591 Caeteros,
2124 1560 2214 1594 quos

361 1626 426 1648 suo
457 1626 527 1648 aere
558 1614 751 1659 collegerat
775 1617 917 1651 codices
948 1618 1107 1661 Indicos,
1143 1624 1225 1664 post
1255 1625 1493 1665 praematuram
1524 1622 1600 1664 eJus
1630 1626 1775 1655 mortem
1806 1620 1911 1653 frater
1942 1619 1983 1653 H.
2015 1619 2058 1654 K.
2089 1619 2214 1660 Raslc,

361 1699 448 1721 nunc
479 1689 511 1720 in
544 1687 704 1732 parochia
732 1688 882 1723 Nidlosc
911 1701 1092 1726 sacrorum
1120 1693 1297 1734 minister,
1342 1703 1430 1726 anno
1468 1692 1566 1726 1833
1595 1692 1816 1727 bibliothecae
1847 1703 1979 1726 summa
2010 1691 2214 1727 liberalitate

361 1760 469 1799 dedit:v
505 1771 572 1805 quo
602 1759 724 1794 sactum
757 1766 810 1794 est
843 1767 875 1795 ut
907 1765 939 1796 in
968 1763 1178 1797 bibliotheca
1209 1766 1306 1808 regia
1330 1775 1371 1799 ea
1401 1767 1502 1810 copia
1533 1765 1691 1799 codicum
1715 1764 1916 1799 Palicorum
1945 1769 1979 1798 et
2007 1763 2213 1809 Singhalen-

364 1834 452 1865 sium
485 1837 710 1873 asservetur,
739 1844 803 1877 qua
834 1837 1111 1879 praestantiorem
1135 1842 1193 1870 aut
1216 1839 1380 1881 majorem
1404 1837 1497 1871 nulla
1521 1837 1674 1871 sortasse
1697 1836 1907 1871 bibliotheca
1934 1837 2109 1882 Enropaea
2131 1848 2213 1882 pos-

364 1903 482 1937 sideat.
537 1904 638 1937 Anno
664 1903 760 1937 1830
786 1905 994 1941 bibliotheca
1018 1909 1161 1943 codices
1185 1909 1372 1943 nonnullos
1388 1909 1606 1951 Sanscritos,
1635 1911 1809 1954 scriptura
1826 1908 2017 1954 Bengalica
2036 1915 2212 1951 exaratos,

364 1987 381 2007 a
405 1976 493 2008 viris
518 1975 740 2019 amplissimis
764 1976 811 2010 B:
830 1978 959 2023 Jl'olff,
982 1981 1102 2025 praedii
1127 1981 1229 2026 ampli
1253 1983 1286 2015 iu
1309 1981 1474 2016 Selandia
1498 1982 1648 2024 domino,
1673 1986 1707 2015 et
1725 1981 1984 2021 J.H.Mundt,
2008 1983 2083 2026 regi
2099 1992 2212 2015 acon-

364 2046 453 2079 siliis
477 2051 589 2079 status
615 2052 648 2080 et
670 2048 767 2081 urbis
794 2049 935 2084 Havniae
960 2052 1117 2095 consule,
1142 2054 1184 2087 ad
1208 2065 1308 2099 quem
1329 2061 1440 2088 morte
1459 2053 1588 2095 fratris,
1614 2052 1867 2100 Christophorz'
1882 2053 2034 2093 Mundt,
2058 2053 2212 2098 chirurgi

362 2117 543 2162 legionarii
568 2119 600 2151 in
625 2119 708 2153 urbe
733 2119 931 2167 Scrampur,
957 2131 1198 2169 pervenerant,
1224 2127 1315 2160 dono
1339 2127 1483 2171 accepit.
1538 2126 1620 2160 Duo
1645 2127 1789 2161 codices
1813 2128 1986 2171 scriptura
2009 2125 2214 2160 Barmanica

363 2192 491 2223 exarati
514 2200 540 2242 ve
572 2192 702 2234 privata
735 2195 830 2237 regis
862 2194 1070 2230 bibliotheca
1094 2199 1126 2232 in
1156 2198 1243 2232 hane
1271 2198 1442 2243 publicam
1471 2198 1628 2232 translati
1657 2204 1753 2241 sunt3
1784 2203 1964 2244 postremo
1995 2208 2084 2232 anno
2116 2196 2213 2231 1834

362 2261 560 2306 complures
585 2262 728 2296 codices
753 2263 940 2308 Tantalici,
973 2279 1063 2312 quos
1086 2271 1140 2303 vir
1163 2271 1380 2305 reverendus
1405 2270 1454 2304 Ν.
1478 2269 1515 2305 S.
1539 2270 1728 2318 Fuylsanq
1751 2273 1889 2305 ineunte
1913 2270 2046 2305 saeculo
2070 2272 2104 2304 in
2128 2270 2212 2304 urbe

363 2331 563 2367 'Fi-ankebar
586 2334 795 2379 collegerat,
820 2337 860 2371 ab
886 2338 1083 2374 haeredibus
1108 2344 1212 2387 empti
1237 2346 1269 2376 in
1294 2343 1436 2376 eandem
1462 2349 1704 2388 pervenerunt.

560 2406 596 2439 In
627 2407 809 2442 codicibus
839 2410 1079 2447 describendis
1103 2416 1204 2448 trium
1228 2417 1382 2449 virorum
1407 2415 1691 2449 doctissimorum
1716 2415 1835 2450 labore
1859 2415 1996 2459 adjutus
2026 2425 2119 2457 sum,
2154 2416 2210 2459 qui

366 2474 429 2506 hoc
454 2475 530 2509 loco
555 2464 746 2513 nominandi
770 2487 859 2515 sunt.
926 2483 1066 2518 Primus
1098 2491 1154 2519 est
1188 2486 1364 2520 Erasmus
1388 2486 1513 2526 Raslc,
1547 2489 1604 2532 qui
1636 2489 1670 2521 in
1704 2487 1932 2522 collectaneis
1966 2485 2209 2530 autographis,

367 2555 442 2587 qua‘
465 2547 541 2579 item
563 2559 581 2580 a
601 2548 704 2584 fratre
731 2552 806 2586 data
835 2555 868 2587 in
891 2554 953 2588 hac
982 2555 1192 2592 bibliotheca
1215 2564 1459 2600 asservantur,
1484 2570 1583 2604 quam
1606 2559 1772 2604 plurimas
1802 2559 1941 2604 reliquit
1969 2559 2209 2591 annotationes

367 2615 408 2647 «lc
432 2616 627 2659 codicibus,
658 2632 745 2664 qnos
769 2626 844 2668 ipse
870 2627 901 2659 in
925 2629 1065 2670 patriam
1095 2635 1345 2674 reportaverat.
1407 2630 1529 2665 Altero
1553 2631 1633 2665 loco
1657 2631 1884 2665 nominandus
1907 2635 1963 2664 est
1990 2628 2209 2664 Fredericus

367 2685 533 2731 Spieqel,
570 2689 798 2735 philosophiae
821 2696 958 2739 doctor,
994 2699 1191 2735 Germanus
1223 2713 1241 2736 e
1266 2701 1431 2745 Bavaria,
1467 2705 1523 2748 qui
1555 2715 1657 2749 quum
1687 2703 1743 2736 hic
1770 2712 1858 2737 anno
1891 2699 1987 2734 1843
2015 2702 2208 2736 studiorum

367 2770 471 2792 causa
497 2766 697 2803 moraretur,
723 2766 806 2799 viris
831 2769 1051 2812 amplissimis
1076 2772 1154 2806 huic
1178 2777 1320 2819 negotio
1340 2776 1553 2820 praepositis,
1573 2775 1738 2820 quidquid
1752 2774 1794 2807 de
1813 2774 1995 2808 codicibus
2015 2772 2208 2808 Sanscritis
